2193 2832
953 118 1003 151 15

76 208 252 244 terioribus
281 213 421 250 quatuor
448 204 581 238 annulis
610 204 751 247 angulos
779 205 925 244 posticos
954 210 1079 243 rectos,
1109 204 1143 236 in
1168 205 1290 236 ceteris
1312 211 1400 238 retro
1423 206 1551 246 quidem
1574 208 1796 246 prominentes
1821 214 1878 244 sed

75 272 188 303 parum
212 261 420 292 acuminatos
444 257 577 289 habent.

189 311 363 344 Abdomen
389 309 527 340 thorace
550 307 652 339 multa
675 308 860 349 angustius.
897 306 1110 348 cingulorum
1135 307 1300 348 margines
1324 309 1442 347 postici
1465 309 1548 341 recti
1572 320 1634 343 nec
1647 312 1713 343 nisi
1726 313 1768 343 iis
1782 311 1877 353 locis,

75 362 193 404 quibus
222 364 257 394 in
286 371 460 401 processus
489 358 646 391 laterales
676 365 864 398 transeunt,
893 358 983 390 flexi.
1029 358 1208 389 processus
1233 361 1321 389 retro
1343 360 1434 390 versi
1457 366 1490 390 et
1512 363 1706 402 acuminati,
1730 364 1789 394 sed
1813 371 1879 396 tam

74 415 192 447 breves
222 420 315 452 sunt,
350 416 387 443 ut
417 423 457 442 ne
487 412 527 442 ad
556 411 727 450 sequentis
756 411 887 450 quidem
917 409 1032 441 annuli
1061 410 1245 450 marginem
1276 411 1494 448 posteriorem
1522 422 1629 453 usque
1659 415 1880 453 promineant.

74 464 223 496 Ultimus
246 464 432 495 abdominis
456 461 609 504 cingulus
634 462 811 502 triquetrus
835 468 896 500 est,
921 471 992 500 neo,
1017 466 1051 490 ut
1075 461 1109 490 in
1135 460 1385 502 congeneribus,
1409 462 1443 492 in
1458 473 1645 501 processum
1660 464 1879 499 lanceolatum

74 514 155 547 abit.
193 516 304 547 Pedes
330 515 434 554 spurii
457 513 565 544 ultimi
589 514 678 554 paris
703 523 780 552 non,
804 518 840 543 ut
862 513 897 543 in
923 511 1049 543 Onisco
1073 517 1105 541 et
1130 511 1353 549 Porcellione,
1379 513 1491 552 quinto
1516 520 1548 544 et
1571 522 1668 546 sexto
1691 516 1879 550 abdominis

74 564 208 597 annulis
238 566 423 606 interjecti,
452 565 510 596 sed
539 563 643 595 libere
672 563 832 595 lateribus
861 563 970 595 ultimi
1000 562 1126 604 cinguli
1149 563 1267 593 inserti
1291 569 1378 596 sunt.
1422 563 1592 596 Articulus
1616 576 1729 598 eorum
1754 568 1880 600 basalis

72 616 292 658 triangularis
316 623 367 647 est
391 622 423 646 et
448 616 480 645 in
505 616 654 656 margine
678 616 859 654 posteriore
883 614 1007 646 duobus
1032 615 1243 655 processibus
1267 613 1483 653 perbrevibus
1508 623 1540 647 et
1563 615 1771 657 longitudine
1794 621 1880 652 inter

31 683 36 687 ·
72 677 110 699 se
138 667 330 708 aequalibus
358 667 537 697 instructus
567 673 634 705 est,
664 665 779 706 quibus
810 667 872 697 duo
902 664 1032 698 articuli
1061 664 1180 696 finales
1205 671 1237 696 et
1260 665 1411 704 foliacei,
1441 668 1498 708 qui
1520 678 1655 707 prorsus
1679 671 1880 710 prominent,

71 719 195 750 inserti
215 724 301 749 sunt.
332 717 383 758 (ln
408 717 535 748 Onisco
558 724 591 748 et
614 718 647 748 in
672 717 884 749 Porcellione
908 724 1021 749 contra
1045 716 1202 748 articulus
1226 716 1351 748 basalis
1375 717 1501 750 duobus
1524 719 1733 758 processibus
1757 721 1881 754 instru-

73 775 144 801 ctus
167 775 234 808 est,
258 779 396 810 quorum
420 767 505 799 alter
528 769 635 808 major
657 775 690 800 et
714 770 803 801 inter
826 770 974 809 quintum
999 774 1031 799 et
1054 775 1185 800 sextum
1210 769 1365 801 annulum
1389 771 1597 809 prominens,
1621 771 1763 803 articulo
1785 771 1880 804 finali

72 821 238 852 exteriore
262 830 303 851 ac
326 819 469 851 soliaceo
493 823 645 860 augetur,
676 819 761 852 alter
783 821 893 852 minor
916 827 948 851 et
971 819 1031 850 sub
1055 819 1179 851 annulo
1203 825 1301 851 sexto
1325 819 1488 858 occultus,
1514 821 1653 853 articulo
1676 821 1773 856 finali
1795 825 1881 856 inte-

73 872 160 903 riore
183 871 427 912 styliformique
450 872 632 903 instructus
656 874 735 907 est.)

653 955 867 984 Philoscla
893 961 1135 983 muscarum
1170 955 1292 982 LATR.

242 1034 348 1059 Mllne
369 1035 533 1060 Edwards
552 1036 569 1061 l.
589 1042 612 1060 c.
630 1033 684 1060 111.
703 1042 730 1066 p.
749 1033 809 1060 164.

185 1084 291 1124 Caput
325 1091 516 1117 transverse
551 1084 751 1126 ellipticum,
785 1085 937 1127 margine
971 1084 1138 1115 anteriore
1171 1085 1206 1114 in
1240 1084 1349 1116 medio
1383 1084 1518 1126 paulum
1555 1092 1700 1119 arcuato.
1746 1087 1880 1122 Thorax

68 1136 177 1167 forma
200 1135 356 1175 elliptica‚
381 1135 545 1166 interdum
570 1137 753 1177 posteriore
776 1142 868 1175 parte
891 1134 990 1175 paulo
1014 1135 1124 1166 latior.
1150 1133 1298 1166 Ultimus
1322 1135 1509 1167 abdominis
1523 1137 1674 1180 cingulus
1688 1139 1879 1180 triquetrus,

69 1185 171 1227 duplo
201 1185 300 1217 latior
329 1197 424 1226 quam
453 1185 599 1228 longior,
629 1188 725 1228 apice
747 1186 840 1218 brevi
865 1193 897 1217 et
922 1187 1119 1217 acuminato.
1166 1186 1290 1217 Pedum
1314 1186 1426 1217 ultimi
1449 1189 1565 1219 annuli
1590 1191 1778 1230 spuriorum
1801 1193 1881 1224 arti-

69 1236 163 1268 culus
192 1236 318 1269 basalis
342 1236 552 1279 longitudine
575 1237 726 1269 ultimum
752 1236 919 1278 cingulum
944 1243 1078 1277 aequat,
1107 1238 1240 1269 articuli
1264 1237 1384 1269 finales
1409 1238 1550 1279 obliqui,
1578 1241 1761 1273 interiores
1785 1250 1880 1275 exte-

15 1328 18 1329 ⁷
68 1287 210 1328 rioribus
240 1295 273 1318 et
300 1288 471 1320 breviores
496 1296 528 1320 et
552 1290 773 1330 angustiores
821 1288 947 1328 Corpus
972 1294 1163 1320 transverse
1186 1289 1397 1323 mediocriter
1419 1297 1588 1322 arcuatum
1612 1299 1679 1331 est,
1703 1293 1880 1327 altitudine

68 1350 110 1371 ne
133 1339 303 1371 dimidium
327 1340 456 1380 quidem
481 1339 701 1382 longitudinis
723 1346 898 1379 aequante.
934 1340 1092 1379 Corporis
1116 1340 1307 1385 superficies
1330 1341 1435 1373 laevis
1460 1348 1493 1373 et
1516 1342 1690 1382 splendida
1712 1351 1746 1375 et
1770 1344 1881 1378 colore

67 1384 164 1422 modo
187 1401 205 1421 e
229 1390 324 1421 fusco
348 1392 447 1422 modo
471 1402 514 1422 ex
539 1391 703 1423 albicante
725 1390 851 1422 rubido.
897 1390 1011 1422 Medio
1035 1392 1070 1422 in
1095 1392 1192 1423 dorso
1216 1394 1299 1425 stria
1322 1394 1492 1435 nigricans
1516 1400 1639 1434 exstat,
1663 1393 1768 1426 latera
1785 1396 1887 1429 striis¹

67 1441 271 1481 maculisque
299 1441 396 1473 flavis
425 1453 540 1481 sparsa
569 1449 662 1481 sunt,
691 1452 864 1482 processus
893 1441 1050 1473 laterales
1080 1442 1298 1475 flavescentes
1328 1445 1471 1486 singulis
1499 1444 1637 1478 maculis
1665 1452 1698 1477 et
1726 1446 1879 1490 oblongis

68 1494 186 1524 notati.
233 1493 344 1532 Caput
373 1504 390 1525 e
420 1494 516 1525 fusco
546 1494 701 1526 rubidum
731 1493 783 1524 vel
812 1494 999 1535 nigricans,
1033 1495 1093 1526 vix
1121 1494 1334 1528 maculatum.
1379 1496 1553 1528 Abdomen
1581 1497 1711 1529 fuscum
1740 1500 1879 1531 maculis

68 1543 239 1575 nonnullis
269 1545 304 1575 in
333 1543 494 1577 lateribus
524 1545 611 1577 sitis.
658 1545 815 1587 Corporis
839 1544 978 1576 inferior
1001 1545 1196 1587 superficies
1221 1546 1422 1587 flavescens,
1449 1548 1549 1588 pedes
1573 1549 1723 1590 ejusdem
1746 1551 1878 1590 quidem

69 1596 188 1627 coloris
211 1596 269 1627 sed
293 1596 328 1626 in
352 1594 426 1626 basi
449 1597 588 1628 maculis
611 1596 718 1628 fuscis
743 1597 910 1627 instructi.

182 1647 345 1679 Feminae
368 1647 437 1678 sere
461 1649 481 1678 4
503 1647 562 1680 lin.
586 1648 707 1690 longae
731 1654 819 1687 sunt,
843 1658 953 1679 mares
977 1647 1111 1679 feminis
1133 1650 1279 1681 minores
1303 1660 1379 1682 esse
1400 1650 1561 1684 videntur.
1585 1669 1625 1676 -
1648 1650 1757 1693 Prope
1770 1652 1875 1684 Geda-

68 1706 144 1728 num
168 1707 233 1729 non
257 1708 332 1730 rara
355 1700 416 1730 est.

557 1806 853 1851 Genus
932 1808 1163 1871 ltea-
1213 1809 1389 1851 KOCH.

241 1904 346 1934 Koch,
364 1904 567 1930 Deutschlands
587 1905 767 1930 Crustaceen.
791 1905 872 1931 Fasc.
891 1903 934 1930 34.

184 1951 296 1984 Koch
332 1964 371 1985 ea
401 1954 541 1994 Isopoda
566 1955 768 1995 Oniscinea,
804 1966 939 1995 quorum
968 1961 1186 1987 antennarum
1215 1955 1383 1998 flagellum
1412 1967 1455 1989 ex
1482 1966 1548 1990 uno
1577 1964 1704 1990 tantum
1735 1959 1877 1992 articulo

69 2008 210 2043 constat,
234 2004 294 2035 sub
317 2015 438 2047 genere
462 2005 534 2037 Itea
557 2006 762 2047 conciliavit,
786 2011 820 2038 et
842 2013 979 2047 quatuor
1001 2006 1098 2048 hujus
1121 2008 1253 2049 generis
1277 2009 1404 2048 species
1428 2008 1493 2042 l.c.
1515 2010 1660 2044 fasc.34.
1684 2009 1741 2052 fig.
1759 2013 1780 2043 4
1802 2014 1835 2043 et
1847 2013 1878 2050 5,

68 2054 154 2086 fasc.
179 2056 231 2086 22.
255 2054 311 2097 fig.
338 2057 377 2088 16
401 2063 434 2087 et
458 2057 508 2094 17,
538 2058 728 2100 descripsit.
773 2057 895 2089 Nostra
917 2060 951 2089 in
975 2059 1147 2098 provincia
1171 2059 1252 2090 duas
1277 2069 1380 2098 novas
1405 2063 1534 2103 species
1557 2062 1665 2102 reperi
1687 2068 1721 2095 et
1737 2063 1878 2104 generis

70 2112 168 2137 notas
192 2108 381 2138 accuratius
405 2118 574 2150 exponere
599 2109 752 2141 conabor.

185 2157 352 2188 Animalia
379 2158 477 2200 hujus
506 2161 638 2202 generis
662 2161 776 2201 generi
799 2159 987 2192 Philosciae
1012 2161 1156 2192 maxime
1179 2160 1297 2193 affinia
1320 2169 1407 2193 sunt.
1453 2162 1611 2195 Plurimis
1635 2163 1722 2195 enim
1744 2164 1779 2195 in
1803 2173 1876 2203 spe-

71 2206 184 2239 ciebus
209 2207 382 2247 abdomen,
406 2217 440 2240 ut
463 2212 496 2242 in
522 2211 586 2244 Ph.
598 2222 795 2250 muscorum,
819 2211 952 2243 thorace
975 2211 1077 2243 multo
1101 2214 1274 2254 angustius
1299 2220 1331 2244 et
1354 2213 1564 2253 processibus
1587 2214 1782 2246 lateralibus
1804 2225 1877 2254 per-

71 2259 182 2296 parvis
205 2259 402 2292 instructum
432 2268 495 2294 est.
539 2262 578 2294 In
608 2274 648 2294 ea
676 2269 804 2294 tantum
833 2264 960 2304 specie,
997 2273 1092 2303 quam
1121 2263 1181 2296 sub
1214 2266 1348 2296 nomine
1375 2265 1412 2298 J.
1435 2267 1567 2308 Mengii
1600 2266 1800 2306 describam,
1823 2265 1876 2297 his

73 2309 292 2349 processibus,
316 2322 412 2351 quam
436 2312 569 2344 solitum
594 2321 656 2353 est,
679 2313 882 2356 longioribus
907 2321 939 2345 et
963 2316 1159 2356 majoribus,
1183 2316 1367 2351 abdominis
1390 2318 1481 2349 basis
1505 2318 1674 2349 thoracem
1698 2317 1877 2349 latitudine

74 2367 200 2399 aequat.
248 2360 323 2394 Duo
358 2365 523 2396 anteriora
558 2363 745 2397 obdominis
780 2373 951 2407 segmenta
977 2366 1080 2418 ‘valde
1115 2366 1228 2399 brevia
1257 2374 1290 2399 et
1320 2368 1481 2401 diminuta
1509 2375 1595 2402 sunt.
1643 2367 1762 2401 Ultimi
1788 2369 1876 2409 paris
