<?xml version="1.0" encoding="UTF-8"?>
<!DOCTYPE html PUBLIC "-//W3C//DTD XHTML 1.0 Transitional//EN"
    "http://www.w3.org/TR/xhtml1/DTD/xhtml1-transitional.dtd">
<html xmlns="http://www.w3.org/1999/xhtml" xml:lang="en" lang="en">
 <head>
  <title>
</title>
<meta http-equiv="Content-Type" content="text/html;charset=utf-8" />
  <meta name='ocr-system' content='tesseract 3.04.00' />
  <meta name='ocr-capabilities' content='ocr_page ocr_carea ocr_par ocr_line ocrx_word'/>
</head>
<body>
  <div class='ocr_page' id='page_1' title='image "./synopseoscrustac00zadd_0019.png"; bbox 0 0 2193 2832; ppageno 0'>
   <div class='ocr_carea' id='block_1_1' title="bbox 996 122 1020 156">
    <p class='ocr_par' dir='ltr' id='par_1_1' title="bbox 996 122 1020 156">
     <span class='ocr_line' id='line_1_1' title="bbox 996 122 1020 156; baseline 0 0"><span class='ocrx_word' id='word_1_1' title='bbox 996 122 1020 156; x_wconf 81' lang='lat'>5</span> 
     </span>
    </p>
   </div>
   <div class='ocr_carea' id='block_1_2' title="bbox 94 207 1914 1891">
    <p class='ocr_par' dir='ltr' id='par_1_2' title="bbox 104 207 1913 614">
     <span class='ocr_line' id='line_1_2' title="bbox 109 207 1913 257; baseline -0.002 -10"><span class='ocrx_word' id='word_1_2' title='bbox 109 212 330 248; x_wconf 81' lang='lat' dir='ltr'><strong>crassitudine</strong></span> <span class='ocrx_word' id='word_1_3' title='bbox 351 211 597 249; x_wconf 86' lang='lat' dir='ltr'><strong>diminuuntur,</strong></span> <span class='ocrx_word' id='word_1_4' title='bbox 620 209 760 242; x_wconf 84' lang='lat' dir='ltr'><strong>articulo</strong></span> <span class='ocrx_word' id='word_1_5' title='bbox 783 210 881 242; x_wconf 86' lang='lat' dir='ltr'><strong>tertio</strong></span> <span class='ocrx_word' id='word_1_6' title='bbox 903 209 1077 251; x_wconf 77' lang='lat' dir='ltr'>praecipue</span> <span class='ocrx_word' id='word_1_7' title='bbox 1101 207 1194 241; x_wconf 83' lang='lat' dir='ltr'><strong>brevi</strong></span> <span class='ocrx_word' id='word_1_8' title='bbox 1217 212 1252 242; x_wconf 89' lang='lat' dir='ltr'><strong>et</strong></span> <span class='ocrx_word' id='word_1_9' title='bbox 1275 210 1377 242; x_wconf 89' lang='lat' dir='ltr'><strong>tenui.</strong></span> <span class='ocrx_word' id='word_1_10' title='bbox 1429 210 1637 243; x_wconf 86' lang='lat' dir='ltr'><strong>Extremitas</strong></span> <span class='ocrx_word' id='word_1_11' title='bbox 1661 214 1734 255; x_wconf 80' lang='lat' dir='ltr'><strong>eJus</strong></span> <span class='ocrx_word' id='word_1_12' title='bbox 1757 215 1815 247; x_wconf 83' lang='lat' dir='ltr'><strong>vix</strong></span> <span class='ocrx_word' id='word_1_13' title='bbox 1839 218 1913 257; x_wconf 81' lang='lat' dir='ltr'><strong>api-</strong></span> 
     </span>
     <span class='ocr_line' id='line_1_3' title="bbox 108 261 1913 304; baseline 0.001 -6"><span class='ocrx_word' id='word_1_14' title='bbox 108 276 180 300; x_wconf 86' lang='lat' dir='ltr'><strong>cem</strong></span> <span class='ocrx_word' id='word_1_15' title='bbox 202 265 340 297; x_wconf 73' lang='lat' dir='ltr'><strong>secundi</strong></span> <span class='ocrx_word' id='word_1_16' title='bbox 362 262 493 296; x_wconf 80' lang='lat' dir='ltr'><strong>articuli</strong></span> <span class='ocrx_word' id='word_1_17' title='bbox 517 263 626 294; x_wconf 88' lang='lat' dir='ltr'><strong>trunci</strong></span> <span class='ocrx_word' id='word_1_18' title='bbox 648 269 868 294; x_wconf 79' lang='lat' dir='ltr'><strong>antennarum</strong></span> <span class='ocrx_word' id='word_1_19' title='bbox 891 261 1086 293; x_wconf 86' lang='lat' dir='ltr'><strong>inferiorum</strong></span> <span class='ocrx_word' id='word_1_20' title='bbox 1109 262 1287 293; x_wconf 76' lang='lat' dir='ltr'><strong>antecedit.</strong></span> <span class='ocrx_word' id='word_1_21' title='bbox 1343 261 1527 304; x_wconf 81' lang='lat' dir='ltr'>Flagellum</span> <span class='ocrx_word' id='word_1_22' title='bbox 1556 262 1698 295; x_wconf 86' lang='lat' dir='ltr'><strong>inferius</strong></span> <span class='ocrx_word' id='word_1_23' title='bbox 1722 271 1838 298; x_wconf 87' lang='lat' dir='ltr'><strong>trunco</strong></span> <span class='ocrx_word' id='word_1_24' title='bbox 1862 269 1913 300; x_wconf 88' lang='lat' dir='ltr'><strong>bis</strong></span> 
     </span>
     <span class='ocr_line' id='line_1_4' title="bbox 106 311 1913 358; baseline 0.001 -10"><span class='ocrx_word' id='word_1_25' title='bbox 106 316 162 348; x_wconf 86' lang='lat' dir='ltr'><strong>vel</strong></span> <span class='ocrx_word' id='word_1_26' title='bbox 185 323 236 348; x_wconf 88' lang='lat' dir='ltr'><strong>ter</strong></span> <span class='ocrx_word' id='word_1_27' title='bbox 256 315 390 358; x_wconf 86' lang='lat' dir='ltr'><strong>longius</strong></span> <span class='ocrx_word' id='word_1_28' title='bbox 412 315 532 356; x_wconf 87' lang='lat' dir='ltr'><strong>viginti</strong></span> <span class='ocrx_word' id='word_1_29' title='bbox 556 315 737 355; x_wconf 82' lang='lat' dir='ltr'><strong>trigintave</strong></span> <span class='ocrx_word' id='word_1_30' title='bbox 761 314 905 353; x_wconf 88' lang='lat' dir='ltr'><strong>quinque</strong></span> <span class='ocrx_word' id='word_1_31' title='bbox 930 311 1080 345; x_wconf 80' lang='lat' dir='ltr'><strong>articulis</strong></span> <span class='ocrx_word' id='word_1_32' title='bbox 1103 313 1319 352; x_wconf 87' lang='lat' dir='ltr'><strong>compositum</strong></span> <span class='ocrx_word' id='word_1_33' title='bbox 1349 319 1419 352; x_wconf 87' lang='lat' dir='ltr'><strong>est‚·</strong></span> <span class='ocrx_word' id='word_1_34' title='bbox 1453 313 1622 356; x_wconf 88' lang='lat' dir='ltr'><strong>flagellum</strong></span> <span class='ocrx_word' id='word_1_35' title='bbox 1656 318 1808 356; x_wconf 83' lang='lat' dir='ltr'><strong>superius</strong></span> <span class='ocrx_word' id='word_1_36' title='bbox 1842 319 1913 351; x_wconf 84' lang='lat' dir='ltr'><strong>sive</strong></span> 
     </span>
     <span class='ocr_line' id='line_1_5' title="bbox 108 363 1913 411; baseline 0.001 -11"><span class='ocrx_word' id='word_1_37' title='bbox 108 368 276 400; x_wconf 81' lang='lat' dir='ltr'><strong>auxiliare</strong></span> <span class='ocrx_word' id='word_1_38' title='bbox 299 368 357 398; x_wconf 83' lang='lat' dir='ltr'><strong>vix</strong></span> <span class='ocrx_word' id='word_1_39' title='bbox 381 377 398 397; x_wconf 92' lang='lat' dir='ltr'><strong>e</strong></span> <span class='ocrx_word' id='word_1_40' title='bbox 423 377 539 397; x_wconf 84' lang='lat' dir='ltr'><strong>novem</strong></span> <span class='ocrx_word' id='word_1_41' title='bbox 563 365 712 397; x_wconf 85' lang='lat' dir='ltr'><strong>articulis</strong></span> <span class='ocrx_word' id='word_1_42' title='bbox 735 370 868 396; x_wconf 89' lang='lat' dir='ltr'><strong>constat</strong></span> <span class='ocrx_word' id='word_1_43' title='bbox 891 370 925 395; x_wconf 85' lang='lat' dir='ltr'><strong>et</strong></span> <span class='ocrx_word' id='word_1_44' title='bbox 947 363 1156 406; x_wconf 85' lang='lat' dir='ltr'><strong>longitudine</strong></span> <span class='ocrx_word' id='word_1_45' title='bbox 1180 370 1297 395; x_wconf 87' lang='lat' dir='ltr'><strong>trunco</strong></span> <span class='ocrx_word' id='word_1_46' title='bbox 1320 370 1539 396; x_wconf 84' lang='lat' dir='ltr'><strong>antennarum</strong></span> <span class='ocrx_word' id='word_1_47' title='bbox 1562 366 1754 399; x_wconf 84' lang='lat' dir='ltr'><strong>inferiorum</strong></span> <span class='ocrx_word' id='word_1_48' title='bbox 1771 368 1841 400; x_wconf 82' lang='lat' dir='ltr'><strong>fere</strong></span> <span class='ocrx_word' id='word_1_49' title='bbox 1855 380 1913 411; x_wconf 87' lang='lat' dir='ltr'><strong>par</strong></span> 
     </span>
     <span class='ocr_line' id='line_1_6' title="bbox 106 413 1913 457; baseline 0.001 -7"><span class='ocrx_word' id='word_1_50' title='bbox 106 426 168 453; x_wconf 84' lang='lat' dir='ltr'><strong>est.</strong></span> <span class='ocrx_word' id='word_1_51' title='bbox 191 436 233 442; x_wconf 94' lang='lat'><strong>—</strong></span> <span class='ocrx_word' id='word_1_52' title='bbox 286 418 462 449; x_wconf 89' lang='lat' dir='ltr'><strong>Antennae</strong></span> <span class='ocrx_word' id='word_1_53' title='bbox 486 417 663 447; x_wconf 88' lang='lat' dir='ltr'><strong>inferiores</strong></span> <span class='ocrx_word' id='word_1_54' title='bbox 693 417 840 456; x_wconf 89' lang='lat' dir='ltr'><strong>quintum</strong></span> <span class='ocrx_word' id='word_1_55' title='bbox 863 415 933 446; x_wconf 87' lang='lat' dir='ltr'><strong>sere</strong></span> <span class='ocrx_word' id='word_1_56' title='bbox 957 413 1100 446; x_wconf 86' lang='lat' dir='ltr'><strong>thoracis</strong></span> <span class='ocrx_word' id='word_1_57' title='bbox 1130 421 1334 456; x_wconf 87' lang='lat' dir='ltr'><strong>segmentum</strong></span> <span class='ocrx_word' id='word_1_58' title='bbox 1363 416 1540 457; x_wconf 86' lang='lat' dir='ltr'><strong>attingunt.</strong></span> <span class='ocrx_word' id='word_1_59' title='bbox 1594 418 1766 451; x_wconf 86' lang='lat' dir='ltr'><strong>Articulus</strong></span> <span class='ocrx_word' id='word_1_60' title='bbox 1802 431 1913 452; x_wconf 90' lang='lat' dir='ltr'><strong>earum</strong></span> 
     </span>
     <span class='ocr_line' id='line_1_7' title="bbox 105 465 1912 514; baseline 0.002 -13"><span class='ocrx_word' id='word_1_61' title='bbox 105 472 230 510; x_wconf 84' lang='lat' dir='ltr'><strong>primus</strong></span> <span class='ocrx_word' id='word_1_62' title='bbox 264 468 374 500; x_wconf 76' lang='lat' dir='ltr'><strong>brevis</strong></span> <span class='ocrx_word' id='word_1_63' title='bbox 409 477 624 509; x_wconf 86' lang='lat' dir='ltr'><strong>crassusque,</strong></span> <span class='ocrx_word' id='word_1_64' title='bbox 659 468 793 498; x_wconf 87' lang='lat' dir='ltr'><strong>duorum</strong></span> <span class='ocrx_word' id='word_1_65' title='bbox 828 465 970 497; x_wconf 89' lang='lat' dir='ltr'><strong>aliorum</strong></span> <span class='ocrx_word' id='word_1_66' title='bbox 1004 473 1140 506; x_wconf 88' lang='lat' dir='ltr'><strong>uterque</strong></span> <span class='ocrx_word' id='word_1_67' title='bbox 1167 465 1228 497; x_wconf 90' lang='lat' dir='ltr'><strong>illo</strong></span> <span class='ocrx_word' id='word_1_68' title='bbox 1250 467 1383 498; x_wconf 84' lang='lat' dir='ltr'><strong>tenuior</strong></span> <span class='ocrx_word' id='word_1_69' title='bbox 1407 473 1520 506; x_wconf 90' lang='lat' dir='ltr'><strong>terque</strong></span> <span class='ocrx_word' id='word_1_70' title='bbox 1543 466 1682 509; x_wconf 85' lang='lat' dir='ltr'><strong>longior.</strong></span> <span class='ocrx_word' id='word_1_71' title='bbox 1727 470 1912 514; x_wconf 87' lang='lat' dir='ltr'><strong>Flagellum</strong></span> 
     </span>
     <span class='ocr_line' id='line_1_8' title="bbox 105 516 1913 565; baseline -0.002 -12"><span class='ocrx_word' id='word_1_72' title='bbox 105 520 246 553; x_wconf 82' lang='lat' dir='ltr'><strong>articulo</strong></span> <span class='ocrx_word' id='word_1_73' title='bbox 269 520 387 551; x_wconf 89' lang='lat' dir='ltr'><strong>ultimo</strong></span> <span class='ocrx_word' id='word_1_74' title='bbox 410 518 507 558; x_wconf 86' lang='lat' dir='ltr'><strong>paulo</strong></span> <span class='ocrx_word' id='word_1_75' title='bbox 533 519 664 560; x_wconf 91' lang='lat' dir='ltr'><strong>longius</strong></span> <span class='ocrx_word' id='word_1_76' title='bbox 688 529 731 550; x_wconf 87' lang='lat' dir='ltr'><strong>ex</strong></span> <span class='ocrx_word' id='word_1_77' title='bbox 755 517 942 558; x_wconf 82' lang='lat' dir='ltr'><strong>quindecim</strong></span> <span class='ocrx_word' id='word_1_78' title='bbox 967 516 1118 550; x_wconf 70' lang='lat' dir='ltr'><strong>articulis</strong></span> <span class='ocrx_word' id='word_1_79' title='bbox 1141 523 1282 550; x_wconf 84' lang='lat' dir='ltr'><strong>constat.</strong></span> <span class='ocrx_word' id='word_1_80' title='bbox 1326 518 1371 550; x_wconf 82' lang='lat' dir='ltr'><strong>Et</strong></span> <span class='ocrx_word' id='word_1_81' title='bbox 1394 519 1499 550; x_wconf 86' lang='lat' dir='ltr'><strong>trunci</strong></span> <span class='ocrx_word' id='word_1_82' title='bbox 1523 525 1556 550; x_wconf 89' lang='lat' dir='ltr'><strong>et</strong></span> <span class='ocrx_word' id='word_1_83' title='bbox 1578 518 1702 561; x_wconf 89' lang='lat' dir='ltr'><strong>flagelli</strong></span> <span class='ocrx_word' id='word_1_84' title='bbox 1724 532 1837 565; x_wconf 85' lang='lat' dir='ltr'><strong>margo</strong></span> <span class='ocrx_word' id='word_1_85' title='bbox 1860 524 1913 555; x_wconf 83' lang='lat' dir='ltr'><strong>in..</strong></span> 
     </span>
     <span class='ocr_line' id='line_1_9' title="bbox 104 570 733 614; baseline -0.008 -10"><span class='ocrx_word' id='word_1_86' title='bbox 104 572 208 604; x_wconf 77' lang='lat' dir='ltr'><strong>t&#39;erior</strong></span> <span class='ocrx_word' id='word_1_87' title='bbox 231 571 339 614; x_wconf 87' lang='lat' dir='ltr'><strong>longis</strong></span> <span class='ocrx_word' id='word_1_88' title='bbox 362 570 441 612; x_wconf 86' lang='lat' dir='ltr'><strong>pilis</strong></span> <span class='ocrx_word' id='word_1_89' title='bbox 465 571 646 601; x_wconf 89' lang='lat' dir='ltr'><strong>instructus</strong></span> <span class='ocrx_word' id='word_1_90' title='bbox 671 575 733 600; x_wconf 87' lang='lat' dir='ltr'><strong>est.</strong></span> 
     </span>
    </p>

    <p class='ocr_par' dir='ltr' id='par_1_3' title="bbox 102 618 1913 870">
     <span class='ocr_line' id='line_1_10' title="bbox 226 618 1913 661; baseline 0.002 -7"><span class='ocrx_word' id='word_1_91' title='bbox 226 622 350 655; x_wconf 81' lang='lat' dir='ltr'><strong>Chelae</strong></span> <span class='ocrx_word' id='word_1_92' title='bbox 373 622 508 653; x_wconf 89' lang='lat' dir='ltr'><strong>duorum</strong></span> <span class='ocrx_word' id='word_1_93' title='bbox 531 621 648 661; x_wconf 89' lang='lat' dir='ltr'><strong>pedum</strong></span> <span class='ocrx_word' id='word_1_94' title='bbox 672 620 874 651; x_wconf 86' lang='lat' dir='ltr'><strong>anteriorum</strong></span> <span class='ocrx_word' id='word_1_95' title='bbox 896 618 992 651; x_wconf 88' lang='lat' dir='ltr'><strong>valde</strong></span> <span class='ocrx_word' id='word_1_96' title='bbox 1016 620 1107 651; x_wconf 89' lang='lat' dir='ltr'><strong>inter</strong></span> <span class='ocrx_word' id='word_1_97' title='bbox 1130 629 1166 651; x_wconf 88' lang='lat' dir='ltr'><strong>se</strong></span> <span class='ocrx_word' id='word_1_98' title='bbox 1190 619 1359 652; x_wconf 85' lang='lat' dir='ltr'><strong>differunt.</strong></span> <span class='ocrx_word' id='word_1_99' title='bbox 1415 620 1523 651; x_wconf 90' lang='lat' dir='ltr'><strong>Primi</strong></span> <span class='ocrx_word' id='word_1_100' title='bbox 1553 620 1647 660; x_wconf 89' lang='lat' dir='ltr'><strong>pedis</strong></span> <span class='ocrx_word' id='word_1_101' title='bbox 1677 622 1774 655; x_wconf 85' lang='lat' dir='ltr'><strong>chela</strong></span> <span class='ocrx_word' id='word_1_102' title='bbox 1807 626 1913 658; x_wconf 92' lang='lat' dir='ltr'><strong>minor</strong></span> 
     </span>
     <span class='ocr_line' id='line_1_11' title="bbox 104 671 1912 716; baseline 0.002 -11"><span class='ocrx_word' id='word_1_103' title='bbox 104 680 156 705; x_wconf 85' lang='lat' dir='ltr'><strong>est</strong></span> <span class='ocrx_word' id='word_1_104' title='bbox 179 684 220 706; x_wconf 87' lang='lat' dir='ltr'><strong>ac</strong></span> <span class='ocrx_word' id='word_1_105' title='bbox 242 673 441 714; x_wconf 83' lang='lat' dir='ltr'><strong>piriformis‚</strong></span> <span class='ocrx_word' id='word_1_106' title='bbox 465 673 585 714; x_wconf 84' lang='lat' dir='ltr'><strong>unguis</strong></span> <span class='ocrx_word' id='word_1_107' title='bbox 610 672 697 713; x_wconf 86' lang='lat' dir='ltr'><strong>apici</strong></span> <span class='ocrx_word' id='word_1_108' title='bbox 721 672 867 702; x_wconf 86' lang='lat' dir='ltr'><strong>insertus</strong></span> <span class='ocrx_word' id='word_1_109' title='bbox 891 678 924 702; x_wconf 90' lang='lat' dir='ltr'><strong>et</strong></span> <span class='ocrx_word' id='word_1_110' title='bbox 946 674 1092 713; x_wconf 77' lang='lat' dir='ltr'><strong>reJectus</strong></span> <span class='ocrx_word' id='word_1_111' title='bbox 1116 671 1156 703; x_wconf 87' lang='lat' dir='ltr'><strong>ad</strong></span> <span class='ocrx_word' id='word_1_112' title='bbox 1180 671 1340 713; x_wconf 87' lang='lat' dir='ltr'><strong>marginis</strong></span> <span class='ocrx_word' id='word_1_113' title='bbox 1364 671 1533 703; x_wconf 86' lang='lat' dir='ltr'><strong>inferioris</strong></span> <span class='ocrx_word' id='word_1_114' title='bbox 1561 672 1732 706; x_wconf 89' lang='lat' dir='ltr'><strong>dimidium</strong></span> <span class='ocrx_word' id='word_1_115' title='bbox 1757 677 1912 716; x_wconf 86' lang='lat' dir='ltr'><strong>pertinet.</strong></span> 
     </span>
     <span class='ocr_line' id='line_1_12' title="bbox 103 722 1912 766; baseline 0.002 -9"><span class='ocrx_word' id='word_1_116' title='bbox 103 724 248 757; x_wconf 83' lang='lat' dir='ltr'><strong>Secundi</strong></span> <span class='ocrx_word' id='word_1_117' title='bbox 271 725 364 765; x_wconf 87' lang='lat' dir='ltr'><strong>pedis</strong></span> <span class='ocrx_word' id='word_1_118' title='bbox 388 724 481 757; x_wconf 88' lang='lat' dir='ltr'><strong>chela</strong></span> <span class='ocrx_word' id='word_1_119' title='bbox 503 727 608 766; x_wconf 87' lang='lat' dir='ltr'><strong>major</strong></span> <span class='ocrx_word' id='word_1_120' title='bbox 632 730 665 755; x_wconf 91' lang='lat' dir='ltr'><strong>et</strong></span> <span class='ocrx_word' id='word_1_121' title='bbox 689 722 983 765; x_wconf 87' lang='lat' dir='ltr'><strong>quadrangularis,</strong></span> <span class='ocrx_word' id='word_1_122' title='bbox 1007 723 1148 764; x_wconf 87' lang='lat' dir='ltr'><strong>margini</strong></span> <span class='ocrx_word' id='word_1_123' title='bbox 1172 723 1336 754; x_wconf 81' lang='lat' dir='ltr'><strong>inferiore</strong></span> <span class='ocrx_word' id='word_1_124' title='bbox 1354 729 1460 760; x_wconf 89' lang='lat' dir='ltr'><strong>recto,</strong></span> <span class='ocrx_word' id='word_1_125' title='bbox 1484 723 1578 762; x_wconf 89' lang='lat' dir='ltr'><strong>apice</strong></span> <span class='ocrx_word' id='word_1_126' title='bbox 1602 723 1733 765; x_wconf 85' lang='lat' dir='ltr'><strong>oblique</strong></span> <span class='ocrx_word' id='word_1_127' title='bbox 1745 732 1912 765; x_wconf 80' lang='lat' dir='ltr'><strong>truncat03</strong></span> 
     </span>
     <span class='ocr_line' id='line_1_13' title="bbox 102 774 1912 821; baseline 0.001 -13"><span class='ocrx_word' id='word_1_128' title='bbox 102 778 223 819; x_wconf 87' lang='lat' dir='ltr'><strong>unguis</strong></span> <span class='ocrx_word' id='word_1_129' title='bbox 257 775 378 818; x_wconf 89' lang='lat' dir='ltr'><strong>angulo</strong></span> <span class='ocrx_word' id='word_1_130' title='bbox 413 777 571 808; x_wconf 89' lang='lat' dir='ltr'><strong>anteriori</strong></span> <span class='ocrx_word' id='word_1_131' title='bbox 606 785 645 807; x_wconf 90' lang='lat' dir='ltr'><strong>ac</strong></span> <span class='ocrx_word' id='word_1_132' title='bbox 678 774 844 814; x_wconf 84' lang='lat' dir='ltr'><strong>superiori</strong></span> <span class='ocrx_word' id='word_1_133' title='bbox 877 776 1024 806; x_wconf 86' lang='lat' dir='ltr'><strong>insertus</strong></span> <span class='ocrx_word' id='word_1_134' title='bbox 1049 780 1100 806; x_wconf 89' lang='lat' dir='ltr'><strong>est</strong></span> <span class='ocrx_word' id='word_1_135' title='bbox 1127 779 1161 805; x_wconf 90' lang='lat' dir='ltr'><strong>et</strong></span> <span class='ocrx_word' id='word_1_136' title='bbox 1183 776 1329 817; x_wconf 79' lang='lat' dir='ltr'><strong>rejectus</strong></span> <span class='ocrx_word' id='word_1_137' title='bbox 1352 776 1554 806; x_wconf 90' lang='lat' dir='ltr'><strong>anteriorem</strong></span> <span class='ocrx_word' id='word_1_138' title='bbox 1579 779 1706 808; x_wconf 85' lang='lat' dir='ltr'><strong>tantum</strong></span> <span class='ocrx_word' id='word_1_139' title='bbox 1729 779 1912 821; x_wconf 85' lang='lat' dir='ltr'><strong>marginem</strong></span> 
     </span>
     <span class='ocr_line' id='line_1_14' title="bbox 103 820 1453 870; baseline -0.004 -11"><span class='ocrx_word' id='word_1_140' title='bbox 103 834 254 870; x_wconf 75' lang='lat' dir='ltr'><strong>occupat.</strong></span> <span class='ocrx_word' id='word_1_141' title='bbox 278 843 320 851; x_wconf 90' lang='lat'><strong>-—</strong></span> <span class='ocrx_word' id='word_1_142' title='bbox 364 826 464 859; x_wconf 87' lang='lat' dir='ltr'><strong>Oculi</strong></span> <span class='ocrx_word' id='word_1_143' title='bbox 487 828 695 858; x_wconf 85' lang='lat' dir='ltr'><strong>reniformes.</strong></span> <span class='ocrx_word' id='word_1_144' title='bbox 1451 820 1453 823; x_wconf 52' lang='lat'><em>⁴</em></span> 
     </span>
    </p>

    <p class='ocr_par' dir='ltr' id='par_1_4' title="bbox 97 874 1914 1379">
     <span class='ocr_line' id='line_1_15' title="bbox 216 874 1913 921; baseline 0.001 -11"><span class='ocrx_word' id='word_1_145' title='bbox 216 878 255 910; x_wconf 93' lang='lat' dir='ltr'><strong>In</strong></span> <span class='ocrx_word' id='word_1_146' title='bbox 278 877 416 918; x_wconf 88' lang='lat' dir='ltr'><strong>pedibus</strong></span> <span class='ocrx_word' id='word_1_147' title='bbox 437 879 560 918; x_wconf 87' lang='lat' dir='ltr'><strong>spuriis</strong></span> <span class='ocrx_word' id='word_1_148' title='bbox 583 879 710 917; x_wconf 88' lang='lat' dir='ltr'><strong>parium</strong></span> <span class='ocrx_word' id='word_1_149' title='bbox 735 877 832 908; x_wconf 86' lang='lat' dir='ltr'><strong>trium</strong></span> <span class='ocrx_word' id='word_1_150' title='bbox 856 876 1059 908; x_wconf 84' lang='lat' dir='ltr'><strong>anteriorum</strong></span> <span class='ocrx_word' id='word_1_151' title='bbox 1083 876 1214 908; x_wconf 86' lang='lat' dir='ltr'><strong>articuli</strong></span> <span class='ocrx_word' id='word_1_152' title='bbox 1237 874 1357 907; x_wconf 88' lang='lat' dir='ltr'><strong>finales</strong></span> <span class='ocrx_word' id='word_1_153' title='bbox 1381 876 1481 918; x_wconf 91' lang='lat' dir='ltr'><strong>duplo</strong></span> <span class='ocrx_word' id='word_1_154' title='bbox 1515 877 1686 919; x_wconf 89' lang='lat' dir='ltr'><strong>longiores</strong></span> <span class='ocrx_word' id='word_1_155' title='bbox 1715 886 1792 911; x_wconf 90' lang='lat' dir='ltr'><strong>sunt</strong></span> <span class='ocrx_word' id='word_1_156' title='bbox 1816 891 1913 921; x_wconf 89' lang='lat' dir='ltr'><strong>quam</strong></span> 
     </span>
     <span class='ocr_line' id='line_1_16' title="bbox 101 927 1913 971; baseline 0.001 -10"><span class='ocrx_word' id='word_1_157' title='bbox 101 930 231 962; x_wconf 84' lang='lat' dir='ltr'><strong>articuli</strong></span> <span class='ocrx_word' id='word_1_158' title='bbox 254 928 400 962; x_wconf 85' lang='lat' dir='ltr'><strong>basales.</strong></span> <span class='ocrx_word' id='word_1_159' title='bbox 454 929 546 960; x_wconf 83' lang='lat' dir='ltr'><strong>Inter</strong></span> <span class='ocrx_word' id='word_1_160' title='bbox 579 930 680 969; x_wconf 82' lang='lat' dir='ltr'><strong>pedes</strong></span> <span class='ocrx_word' id='word_1_161' title='bbox 713 929 843 968; x_wconf 78' lang='lat' dir='ltr'><strong>spurios</strong></span> <span class='ocrx_word' id='word_1_162' title='bbox 866 929 1068 967; x_wconf 84' lang='lat' dir='ltr'><strong>posteriores</strong></span> <span class='ocrx_word' id='word_1_163' title='bbox 1092 928 1201 968; x_wconf 87' lang='lat' dir='ltr'><strong>quarti</strong></span> <span class='ocrx_word' id='word_1_164' title='bbox 1224 928 1313 967; x_wconf 89' lang='lat' dir='ltr'><strong>paris</strong></span> <span class='ocrx_word' id='word_1_165' title='bbox 1337 928 1437 967; x_wconf 90' lang='lat' dir='ltr'><strong>pedes</strong></span> <span class='ocrx_word' id='word_1_166' title='bbox 1466 927 1636 970; x_wconf 89' lang='lat' dir='ltr'><strong>longiores</strong></span> <span class='ocrx_word' id='word_1_167' title='bbox 1661 938 1738 961; x_wconf 89' lang='lat' dir='ltr'><strong>sunt</strong></span> <span class='ocrx_word' id='word_1_168' title='bbox 1772 931 1913 971; x_wconf 89' lang='lat' dir='ltr'><strong>pedibus</strong></span> 
     </span>
     <span class='ocr_line' id='line_1_17' title="bbox 100 979 1913 1022; baseline 0.001 -10"><span class='ocrx_word' id='word_1_169' title='bbox 100 981 211 1022; x_wconf 83' lang='lat' dir='ltr'><strong>quinti</strong></span> <span class='ocrx_word' id='word_1_170' title='bbox 235 979 367 1020; x_wconf 89' lang='lat' dir='ltr'><strong>annuli,</strong></span> <span class='ocrx_word' id='word_1_171' title='bbox 389 981 478 1012; x_wconf 85' lang='lat' dir='ltr'><strong>sexti</strong></span> <span class='ocrx_word' id='word_1_172' title='bbox 501 987 610 1012; x_wconf 88' lang='lat' dir='ltr'><strong>autem</strong></span> <span class='ocrx_word' id='word_1_173' title='bbox 637 981 728 1022; x_wconf 86' lang='lat' dir='ltr'><strong>paris</strong></span> <span class='ocrx_word' id='word_1_174' title='bbox 752 989 868 1011; x_wconf 88' lang='lat' dir='ltr'><strong>omnes</strong></span> <span class='ocrx_word' id='word_1_175' title='bbox 892 986 1020 1011; x_wconf 86' lang='lat' dir='ltr'><strong>ceteros</strong></span> <span class='ocrx_word' id='word_1_176' title='bbox 1044 979 1255 1021; x_wconf 89' lang='lat' dir='ltr'><strong>longitudine</strong></span> <span class='ocrx_word' id='word_1_177' title='bbox 1279 986 1437 1020; x_wconf 86' lang='lat' dir='ltr'><strong>superant</strong></span> <span class='ocrx_word' id='word_1_178' title='bbox 1460 979 1625 1022; x_wconf 87' lang='lat' dir='ltr'><strong>longeque</strong></span> <span class='ocrx_word' id='word_1_179' title='bbox 1649 983 1849 1021; x_wconf 89' lang='lat' dir='ltr'><strong>prominent.</strong></span> <span class='ocrx_word' id='word_1_180' title='bbox 1874 982 1913 1014; x_wconf 92' lang='lat' dir='ltr'><strong>In</strong></span> 
     </span>
     <span class='ocr_line' id='line_1_18' title="bbox 100 1030 1914 1073; baseline 0.002 -11"><span class='ocrx_word' id='word_1_181' title='bbox 100 1032 211 1073; x_wconf 85' lang='lat' dir='ltr'><strong>quarti</strong></span> <span class='ocrx_word' id='word_1_182' title='bbox 235 1032 323 1072; x_wconf 88' lang='lat' dir='ltr'><strong>paris</strong></span> <span class='ocrx_word' id='word_1_183' title='bbox 346 1031 483 1071; x_wconf 90' lang='lat' dir='ltr'><strong>pedibus</strong></span> <span class='ocrx_word' id='word_1_184' title='bbox 507 1033 668 1063; x_wconf 79' lang='lat' dir='ltr'><strong>articulus</strong></span> <span class='ocrx_word' id='word_1_185' title='bbox 692 1032 833 1064; x_wconf 88' lang='lat' dir='ltr'><strong>interior</strong></span> <span class='ocrx_word' id='word_1_186' title='bbox 855 1031 1023 1062; x_wconf 88' lang='lat' dir='ltr'><strong>exteriore</strong></span> <span class='ocrx_word' id='word_1_187' title='bbox 1045 1031 1104 1063; x_wconf 84' lang='lat' dir='ltr'><strong>vix</strong></span> <span class='ocrx_word' id='word_1_188' title='bbox 1126 1030 1271 1072; x_wconf 85' lang='lat' dir='ltr'><strong>longior,</strong></span> <span class='ocrx_word' id='word_1_189' title='bbox 1307 1036 1340 1061; x_wconf 89' lang='lat' dir='ltr'><strong>et</strong></span> <span class='ocrx_word' id='word_1_190' title='bbox 1374 1030 1513 1062; x_wconf 86' lang='lat' dir='ltr'><strong>articulo</strong></span> <span class='ocrx_word' id='word_1_191' title='bbox 1542 1031 1649 1063; x_wconf 90' lang='lat' dir='ltr'><strong>basali</strong></span> <span class='ocrx_word' id='word_1_192' title='bbox 1677 1033 1748 1064; x_wconf 85' lang='lat' dir='ltr'><strong>sere</strong></span> <span class='ocrx_word' id='word_1_193' title='bbox 1777 1034 1914 1065; x_wconf 91' lang='lat' dir='ltr'><strong>dimidio</strong></span> 
     </span>
     <span class='ocr_line' id='line_1_19' title="bbox 101 1081 1913 1125; baseline 0.001 -11"><span class='ocrx_word' id='word_1_194' title='bbox 101 1084 225 1121; x_wconf 72' lang='lat' dir='ltr'><strong>minoi-3</strong></span> <span class='ocrx_word' id='word_1_195' title='bbox 248 1084 418 1123; x_wconf 89' lang='lat' dir='ltr'><strong>utriusque</strong></span> <span class='ocrx_word' id='word_1_196' title='bbox 441 1084 609 1124; x_wconf 86' lang='lat' dir='ltr'><strong>margines</strong></span> <span class='ocrx_word' id='word_1_197' title='bbox 633 1084 775 1125; x_wconf 88' lang='lat' dir='ltr'><strong>spinosi.</strong></span> <span class='ocrx_word' id='word_1_198' title='bbox 831 1081 947 1118; x_wconf 79' lang='lat' dir='ltr'><strong>Quinti</strong></span> <span class='ocrx_word' id='word_1_199' title='bbox 977 1083 1067 1123; x_wconf 92' lang='lat' dir='ltr'><strong>paris</strong></span> <span class='ocrx_word' id='word_1_200' title='bbox 1091 1081 1250 1114; x_wconf 83' lang='lat' dir='ltr'><strong>articulus</strong></span> <span class='ocrx_word' id='word_1_201' title='bbox 1273 1081 1387 1112; x_wconf 86' lang='lat' dir='ltr'><strong>finalis</strong></span> <span class='ocrx_word' id='word_1_202' title='bbox 1411 1083 1553 1114; x_wconf 89' lang='lat' dir='ltr'><strong>interior</strong></span> <span class='ocrx_word' id='word_1_203' title='bbox 1582 1085 1753 1116; x_wconf 84' lang='lat' dir='ltr'><strong>exteriore</strong></span> <span class='ocrx_word' id='word_1_204' title='bbox 1783 1091 1816 1116; x_wconf 88' lang='lat' dir='ltr'><strong>et</strong></span> <span class='ocrx_word' id='word_1_205' title='bbox 1838 1085 1913 1116; x_wconf 89' lang='lat' dir='ltr'><strong>lon-</strong></span> 
     </span>
     <span class='ocr_line' id='line_1_20' title="bbox 99 1132 1911 1176; baseline 0.002 -11"><span class='ocrx_word' id='word_1_206' title='bbox 99 1135 173 1176; x_wconf 84' lang='lat' dir='ltr'><strong>gior</strong></span> <span class='ocrx_word' id='word_1_207' title='bbox 195 1141 229 1166; x_wconf 87' lang='lat' dir='ltr'><strong>et</strong></span> <span class='ocrx_word' id='word_1_208' title='bbox 251 1133 352 1165; x_wconf 88' lang='lat' dir='ltr'><strong>latior</strong></span> <span class='ocrx_word' id='word_1_209' title='bbox 374 1140 426 1165; x_wconf 87' lang='lat' dir='ltr'><strong>est</strong></span> <span class='ocrx_word' id='word_1_210' title='bbox 450 1134 689 1173; x_wconf 88' lang='lat' dir='ltr'><strong>articulumque</strong></span> <span class='ocrx_word' id='word_1_211' title='bbox 713 1133 861 1165; x_wconf 89' lang='lat' dir='ltr'><strong>basalem</strong></span> <span class='ocrx_word' id='word_1_212' title='bbox 884 1132 1095 1176; x_wconf 84' lang='lat' dir='ltr'><strong>longitudine</strong></span> <span class='ocrx_word' id='word_1_213' title='bbox 1118 1140 1246 1174; x_wconf 82' lang='lat' dir='ltr'><strong>aequat.</strong></span> <span class='ocrx_word' id='word_1_214' title='bbox 1275 1132 1372 1164; x_wconf 86' lang='lat' dir='ltr'><strong>Sexti</strong></span> <span class='ocrx_word' id='word_1_215' title='bbox 1396 1133 1536 1173; x_wconf 88' lang='lat' dir='ltr'><strong>denique</strong></span> <span class='ocrx_word' id='word_1_216' title='bbox 1560 1135 1649 1175; x_wconf 83' lang='lat' dir='ltr'><strong>paris</strong></span> <span class='ocrx_word' id='word_1_217' title='bbox 1672 1135 1831 1167; x_wconf 87' lang='lat' dir='ltr'><strong>articulus</strong></span> <span class='ocrx_word' id='word_1_218' title='bbox 1855 1137 1911 1168; x_wconf 87' lang='lat' dir='ltr'><strong>ba—</strong></span> 
     </span>
     <span class='ocr_line' id='line_1_21' title="bbox 99 1183 1913 1229; baseline 0.001 -12"><span class='ocrx_word' id='word_1_219' title='bbox 99 1184 183 1217; x_wconf 88' lang='lat' dir='ltr'><strong>salis</strong></span> <span class='ocrx_word' id='word_1_220' title='bbox 206 1185 334 1223; x_wconf 88' lang='lat' dir='ltr'><strong>brevis;</strong></span> <span class='ocrx_word' id='word_1_221' title='bbox 357 1184 568 1216; x_wconf 89' lang='lat' dir='ltr'><strong>articulorum</strong></span> <span class='ocrx_word' id='word_1_222' title='bbox 592 1184 742 1216; x_wconf 88' lang='lat' dir='ltr'><strong>finalium</strong></span> <span class='ocrx_word' id='word_1_223' title='bbox 766 1185 914 1215; x_wconf 81' lang='lat' dir='ltr'><strong>exterior</strong></span> <span class='ocrx_word' id='word_1_224' title='bbox 937 1185 1096 1216; x_wconf 87' lang='lat' dir='ltr'><strong>interiore</strong></span> <span class='ocrx_word' id='word_1_225' title='bbox 1130 1184 1234 1216; x_wconf 90' lang='lat' dir='ltr'><strong>multo</strong></span> <span class='ocrx_word' id='word_1_226' title='bbox 1257 1185 1385 1225; x_wconf 84' lang='lat' dir='ltr'><strong>major,</strong></span> <span class='ocrx_word' id='word_1_227' title='bbox 1418 1183 1526 1216; x_wconf 89' lang='lat' dir='ltr'><strong>basali</strong></span> <span class='ocrx_word' id='word_1_228' title='bbox 1559 1185 1630 1217; x_wconf 85' lang='lat' dir='ltr'><strong>fere</strong></span> <span class='ocrx_word' id='word_1_229' title='bbox 1657 1186 1753 1227; x_wconf 89' lang='lat' dir='ltr'><strong>duplo</strong></span> <span class='ocrx_word' id='word_1_230' title='bbox 1782 1187 1913 1229; x_wconf 89' lang='lat' dir='ltr'><strong>longior</strong></span> 
     </span>
     <span class='ocr_line' id='line_1_22' title="bbox 99 1234 1911 1280; baseline 0.001 -12"><span class='ocrx_word' id='word_1_231' title='bbox 99 1247 139 1268; x_wconf 80' lang='lat' dir='ltr'><strong>ac</strong></span> <span class='ocrx_word' id='word_1_232' title='bbox 160 1237 194 1268; x_wconf 88' lang='lat' dir='ltr'><strong>in</strong></span> <span class='ocrx_word' id='word_1_233' title='bbox 219 1237 369 1277; x_wconf 87' lang='lat' dir='ltr'><strong>margine</strong></span> <span class='ocrx_word' id='word_1_234' title='bbox 393 1237 560 1267; x_wconf 84' lang='lat' dir='ltr'><strong>exteriore</strong></span> <span class='ocrx_word' id='word_1_235' title='bbox 583 1235 737 1268; x_wconf 87' lang='lat' dir='ltr'><strong>dentibus</strong></span> <span class='ocrx_word' id='word_1_236' title='bbox 762 1242 795 1266; x_wconf 87' lang='lat' dir='ltr'><strong>et</strong></span> <span class='ocrx_word' id='word_1_237' title='bbox 817 1234 957 1275; x_wconf 88' lang='lat' dir='ltr'><strong>pilorum</strong></span> <span class='ocrx_word' id='word_1_238' title='bbox 980 1235 1173 1275; x_wconf 85' lang='lat' dir='ltr'><strong>fasciculis,</strong></span> <span class='ocrx_word' id='word_1_239' title='bbox 1196 1236 1231 1267; x_wconf 89' lang='lat' dir='ltr'><strong>in</strong></span> <span class='ocrx_word' id='word_1_240' title='bbox 1255 1236 1349 1275; x_wconf 88' lang='lat' dir='ltr'><strong>apice</strong></span> <span class='ocrx_word' id='word_1_241' title='bbox 1373 1242 1405 1268; x_wconf 82' lang='lat' dir='ltr'><strong>et</strong></span> <span class='ocrx_word' id='word_1_242' title='bbox 1429 1235 1461 1266; x_wconf 86' lang='lat' dir='ltr'><strong>in</strong></span> <span class='ocrx_word' id='word_1_243' title='bbox 1487 1237 1635 1278; x_wconf 87' lang='lat' dir='ltr'><strong>margine</strong></span> <span class='ocrx_word' id='word_1_244' title='bbox 1659 1238 1819 1270; x_wconf 87' lang='lat' dir='ltr'><strong>interiore</strong></span> <span class='ocrx_word' id='word_1_245' title='bbox 1834 1237 1911 1280; x_wconf 88' lang='lat' dir='ltr'><strong>pilis</strong></span> 
     </span>
     <span class='ocr_line' id='line_1_23' title="bbox 97 1284 1912 1331; baseline 0.001 -12"><span class='ocrx_word' id='word_1_246' title='bbox 97 1287 247 1329; x_wconf 86' lang='lat' dir='ltr'><strong>pinnatis</strong></span> <span class='ocrx_word' id='word_1_247' title='bbox 268 1286 381 1329; x_wconf 89' lang='lat' dir='ltr'><strong>longis</strong></span> <span class='ocrx_word' id='word_1_248' title='bbox 405 1287 602 1325; x_wconf 88' lang='lat' dir='ltr'><strong>instructus,</strong></span> <span class='ocrx_word' id='word_1_249' title='bbox 637 1286 800 1319; x_wconf 89' lang='lat' dir='ltr'><strong>articulus</strong></span> <span class='ocrx_word' id='word_1_250' title='bbox 834 1284 948 1318; x_wconf 92' lang='lat' dir='ltr'><strong>finalis</strong></span> <span class='ocrx_word' id='word_1_251' title='bbox 962 1287 1111 1318; x_wconf 84' lang='lat' dir='ltr'><strong>&#39;interior</strong></span> <span class='ocrx_word' id='word_1_252' title='bbox 1132 1287 1243 1319; x_wconf 89' lang='lat' dir='ltr'><strong>minor</strong></span> <span class='ocrx_word' id='word_1_253' title='bbox 1265 1297 1303 1318; x_wconf 89' lang='lat' dir='ltr'><strong>ac</strong></span> <span class='ocrx_word' id='word_1_254' title='bbox 1330 1285 1554 1328; x_wconf 87' lang='lat' dir='ltr'><strong>lanceolatus,</strong></span> <span class='ocrx_word' id='word_1_255' title='bbox 1588 1288 1797 1330; x_wconf 88' lang='lat' dir='ltr'><strong>marginibus</strong></span> <span class='ocrx_word' id='word_1_256' title='bbox 1831 1289 1912 1331; x_wconf 90' lang='lat' dir='ltr'><strong>pilis</strong></span> 
     </span>
     <span class='ocr_line' id='line_1_24' title="bbox 98 1337 602 1379; baseline 0.002 -9"><span class='ocrx_word' id='word_1_257' title='bbox 98 1337 213 1371; x_wconf 84' lang='lat' dir='ltr'><strong>multis</strong></span> <span class='ocrx_word' id='word_1_258' title='bbox 236 1339 449 1379; x_wconf 87' lang='lat' dir='ltr'><strong>pinnatisque</strong></span> <span class='ocrx_word' id='word_1_259' title='bbox 471 1337 602 1371; x_wconf 87' lang='lat' dir='ltr'><strong>obsitis.</strong></span> 
     </span>
    </p>

    <p class='ocr_par' dir='ltr' id='par_1_5' title="bbox 96 1388 1910 1577">
     <span class='ocr_line' id='line_1_25' title="bbox 216 1388 1910 1432; baseline 0.001 -10"><span class='ocrx_word' id='word_1_260' title='bbox 216 1389 257 1422; x_wconf 86' lang='lat' dir='ltr'><strong>In</strong></span> <span class='ocrx_word' id='word_1_261' title='bbox 279 1396 371 1430; x_wconf 89' lang='lat' dir='ltr'><strong>parte</strong></span> <span class='ocrx_word' id='word_1_262' title='bbox 395 1389 520 1422; x_wconf 79' lang='lat' dir='ltr'><strong>dorsali</strong></span> <span class='ocrx_word' id='word_1_263' title='bbox 545 1391 703 1431; x_wconf 85' lang='lat' dir='ltr'><strong>cujusque</strong></span> <span class='ocrx_word' id='word_1_264' title='bbox 727 1390 825 1421; x_wconf 90' lang='lat' dir='ltr'><strong>trium</strong></span> <span class='ocrx_word' id='word_1_265' title='bbox 849 1388 1061 1421; x_wconf 88' lang='lat' dir='ltr'><strong>articulorum</strong></span> <span class='ocrx_word' id='word_1_266' title='bbox 1085 1388 1274 1422; x_wconf 88' lang='lat' dir='ltr'><strong>ultimorum</strong></span> <span class='ocrx_word' id='word_1_267' title='bbox 1298 1395 1367 1422; x_wconf 87' lang='lat' dir='ltr'><strong>tres</strong></span> <span class='ocrx_word' id='word_1_268' title='bbox 1380 1388 1532 1422; x_wconf 81' lang='lat' dir='ltr'><strong>fasciculi</strong></span> <span class='ocrx_word' id='word_1_269' title='bbox 1546 1390 1734 1432; x_wconf 88' lang='lat' dir='ltr'><strong>spinarum,</strong></span> <span class='ocrx_word' id='word_1_270' title='bbox 1757 1397 1808 1423; x_wconf 91' lang='lat' dir='ltr'><strong>tot</strong></span> <span class='ocrx_word' id='word_1_271' title='bbox 1830 1393 1910 1424; x_wconf 84' lang='lat' dir='ltr'><strong>emi-</strong></span> 
     </span>
     <span class='ocr_line' id='line_1_26' title="bbox 98 1440 1910 1484; baseline 0.002 -11"><span class='ocrx_word' id='word_1_272' title='bbox 98 1442 220 1473; x_wconf 90' lang='lat' dir='ltr'><strong>nentiis</strong></span> <span class='ocrx_word' id='word_1_273' title='bbox 244 1442 405 1482; x_wconf 90' lang='lat' dir='ltr'><strong>impositi,</strong></span> <span class='ocrx_word' id='word_1_274' title='bbox 428 1441 649 1483; x_wconf 90' lang='lat' dir='ltr'><strong>reperiuntur.</strong></span> <span class='ocrx_word' id='word_1_275' title='bbox 690 1440 866 1473; x_wconf 91' lang='lat' dir='ltr'><strong>Lamellae</strong></span> <span class='ocrx_word' id='word_1_276' title='bbox 890 1441 974 1472; x_wconf 91' lang='lat' dir='ltr'><strong>duae</strong></span> <span class='ocrx_word' id='word_1_277' title='bbox 1001 1441 1036 1473; x_wconf 89' lang='lat' dir='ltr'><strong>in</strong></span> <span class='ocrx_word' id='word_1_278' title='bbox 1060 1442 1210 1483; x_wconf 90' lang='lat' dir='ltr'><strong>margine</strong></span> <span class='ocrx_word' id='word_1_279' title='bbox 1243 1442 1432 1484; x_wconf 79' lang='lat' dir='ltr'><strong>posteriore</strong></span> <span class='ocrx_word' id='word_1_280' title='bbox 1454 1441 1563 1474; x_wconf 83' lang='lat' dir='ltr'><strong>ultimi</strong></span> <span class='ocrx_word' id='word_1_281' title='bbox 1586 1442 1771 1475; x_wconf 88' lang='lat' dir='ltr'><strong>abdominis</strong></span> <span class='ocrx_word' id='word_1_282' title='bbox 1795 1443 1910 1476; x_wconf 88' lang='lat' dir='ltr'><strong>annuli</strong></span> 
     </span>
     <span class='ocr_line' id='line_1_27' title="bbox 96 1491 1910 1538; baseline 0.002 -14"><span class='ocrx_word' id='word_1_283' title='bbox 96 1494 229 1533; x_wconf 86' lang='lat' dir='ltr'><strong>positae</strong></span> <span class='ocrx_word' id='word_1_284' title='bbox 252 1492 367 1525; x_wconf 90' lang='lat' dir='ltr'><strong>ovales</strong></span> <span class='ocrx_word' id='word_1_285' title='bbox 391 1499 484 1532; x_wconf 90' lang='lat' dir='ltr'><strong>sunt,</strong></span> <span class='ocrx_word' id='word_1_286' title='bbox 520 1493 613 1532; x_wconf 88' lang='lat' dir='ltr'><strong>apice</strong></span> <span class='ocrx_word' id='word_1_287' title='bbox 637 1498 790 1526; x_wconf 83' lang='lat' dir='ltr'><strong>truncato</strong></span> <span class='ocrx_word' id='word_1_288' title='bbox 824 1494 858 1524; x_wconf 86' lang='lat' dir='ltr'><strong>et</strong></span> <span class='ocrx_word' id='word_1_289' title='bbox 890 1491 997 1524; x_wconf 85' lang='lat' dir='ltr'><strong>tribus</strong></span> <span class='ocrx_word' id='word_1_290' title='bbox 1026 1492 1104 1533; x_wconf 91' lang='lat' dir='ltr'><strong>pilis</strong></span> <span class='ocrx_word' id='word_1_291' title='bbox 1132 1494 1256 1525; x_wconf 87' lang='lat' dir='ltr'><strong>setisve</strong></span> <span class='ocrx_word' id='word_1_292' title='bbox 1289 1492 1445 1525; x_wconf 90' lang='lat' dir='ltr'><strong>brevibus</strong></span> <span class='ocrx_word' id='word_1_293' title='bbox 1478 1497 1625 1534; x_wconf 86' lang='lat' dir='ltr'><strong>armato,</strong></span> <span class='ocrx_word' id='word_1_294' title='bbox 1668 1496 1818 1538; x_wconf 91' lang='lat' dir='ltr'><strong>margine</strong></span> <span class='ocrx_word' id='word_1_295' title='bbox 1851 1506 1910 1527; x_wconf 88' lang='lat' dir='ltr'><strong>ex·</strong></span> 
     </span>
     <span class='ocr_line' id='line_1_28' title="bbox 96 1545 1087 1577; baseline 0.001 -1"><span class='ocrx_word' id='word_1_296' title='bbox 96 1550 191 1576; x_wconf 89' lang='lat' dir='ltr'><strong>terno</strong></span> <span class='ocrx_word' id='word_1_297' title='bbox 213 1554 279 1576; x_wconf 90' lang='lat' dir='ltr'><strong>una</strong></span> <span class='ocrx_word' id='word_1_298' title='bbox 302 1550 374 1576; x_wconf 89' lang='lat' dir='ltr'><strong>seta</strong></span> <span class='ocrx_word' id='word_1_299' title='bbox 396 1545 574 1577; x_wconf 79' lang='lat' dir='ltr'><strong>instructo.</strong></span> <span class='ocrx_word' id='word_1_300' title='bbox 1083 1554 1087 1559; x_wconf 89' lang='lat'><em>·</em></span> 
     </span>
    </p>

    <p class='ocr_par' dir='ltr' id='par_1_6' title="bbox 94 1594 1909 1891">
     <span class='ocr_line' id='line_1_29' title="bbox 213 1594 1909 1640; baseline 0.002 -14"><span class='ocrx_word' id='word_1_301' title='bbox 213 1595 393 1634; x_wconf 89' lang='lat' dir='ltr'><strong>Laminae,</strong></span> <span class='ocrx_word' id='word_1_302' title='bbox 416 1605 498 1635; x_wconf 90' lang='lat' dir='ltr'><strong>quae</strong></span> <span class='ocrx_word' id='word_1_303' title='bbox 521 1596 554 1626; x_wconf 93' lang='lat' dir='ltr'><strong>in</strong></span> <span class='ocrx_word' id='word_1_304' title='bbox 578 1594 713 1626; x_wconf 75' lang='lat' dir='ltr'><strong>feminis</strong></span> <span class='ocrx_word' id='word_1_305' title='bbox 737 1595 810 1627; x_wconf 84' lang='lat' dir='ltr'><strong>ovis</strong></span> <span class='ocrx_word' id='word_1_306' title='bbox 833 1594 1044 1627; x_wconf 83' lang='lat' dir='ltr'><strong>reservandis</strong></span> <span class='ocrx_word' id='word_1_307' title='bbox 1065 1595 1273 1635; x_wconf 77' lang='lat' dir='ltr'><strong>inserviunt,</strong></span> <span class='ocrx_word' id='word_1_308' title='bbox 1295 1597 1570 1629; x_wconf 85' lang='lat' dir='ltr'><strong>membranaceae</strong></span> <span class='ocrx_word' id='word_1_309' title='bbox 1589 1603 1667 1628; x_wconf 90' lang='lat' dir='ltr'><strong>sunt</strong></span> <span class='ocrx_word' id='word_1_310' title='bbox 1679 1598 1909 1640; x_wconf 87' lang='lat' dir='ltr'><strong>marginesque</strong></span> 
     </span>
     <span class='ocr_line' id='line_1_30' title="bbox 95 1645 1908 1689; baseline 0.002 -11"><span class='ocrx_word' id='word_1_311' title='bbox 95 1645 221 1678; x_wconf 88' lang='lat' dir='ltr'><strong>habent</strong></span> <span class='ocrx_word' id='word_1_312' title='bbox 243 1647 320 1686; x_wconf 89' lang='lat' dir='ltr'><strong>pilis</strong></span> <span class='ocrx_word' id='word_1_313' title='bbox 345 1645 550 1686; x_wconf 88' lang='lat' dir='ltr'><strong>simplicibus</strong></span> <span class='ocrx_word' id='word_1_314' title='bbox 574 1646 772 1677; x_wconf 85' lang='lat' dir='ltr'><strong>instructos.</strong></span> <span class='ocrx_word' id='word_1_315' title='bbox 817 1646 964 1678; x_wconf 91' lang='lat' dir='ltr'><strong>Primum</strong></span> <span class='ocrx_word' id='word_1_316' title='bbox 988 1657 1100 1679; x_wconf 89' lang='lat' dir='ltr'><strong>earum</strong></span> <span class='ocrx_word' id='word_1_317' title='bbox 1124 1657 1184 1687; x_wconf 91' lang='lat' dir='ltr'><strong>par</strong></span> <span class='ocrx_word' id='word_1_318' title='bbox 1206 1646 1315 1678; x_wconf 84' lang='lat' dir='ltr'><strong>forma</strong></span> <span class='ocrx_word' id='word_1_319' title='bbox 1342 1657 1447 1687; x_wconf 88' lang='lat' dir='ltr'><strong>paene</strong></span> <span class='ocrx_word' id='word_1_320' title='bbox 1477 1647 1671 1680; x_wconf 88' lang='lat' dir='ltr'><strong>semilunari</strong></span> <span class='ocrx_word' id='word_1_321' title='bbox 1695 1655 1792 1689; x_wconf 87' lang='lat' dir='ltr'><strong>atque</strong></span> <span class='ocrx_word' id='word_1_322' title='bbox 1815 1650 1908 1689; x_wconf 87' lang='lat' dir='ltr'><strong>apice</strong></span> 
     </span>
     <span class='ocr_line' id='line_1_31' title="bbox 96 1696 1908 1737; baseline 0.002 -8"><span class='ocrx_word' id='word_1_323' title='bbox 96 1698 275 1730; x_wconf 74' lang='lat' dir='ltr'><strong>rotundato</strong></span> <span class='ocrx_word' id='word_1_324' title='bbox 299 1703 366 1736; x_wconf 88' lang='lat' dir='ltr'><strong>est,</strong></span> <span class='ocrx_word' id='word_1_325' title='bbox 391 1704 499 1728; x_wconf 91' lang='lat' dir='ltr'><strong>cetera</strong></span> <span class='ocrx_word' id='word_1_326' title='bbox 523 1698 616 1737; x_wconf 85' lang='lat' dir='ltr'><strong>paria</strong></span> <span class='ocrx_word' id='word_1_327' title='bbox 639 1698 763 1729; x_wconf 88' lang='lat' dir='ltr'><strong>sensim</strong></span> <span class='ocrx_word' id='word_1_328' title='bbox 787 1696 968 1729; x_wconf 88' lang='lat' dir='ltr'><strong>latitudine</strong></span> <span class='ocrx_word' id='word_1_329' title='bbox 997 1698 1234 1730; x_wconf 90' lang='lat' dir='ltr'><strong>diminuuntur.</strong></span> <span class='ocrx_word' id='word_1_330' title='bbox 1257 1716 1301 1722; x_wconf 93' lang='lat'><strong>—</strong></span> <span class='ocrx_word' id='word_1_331' title='bbox 1356 1699 1535 1730; x_wconf 88' lang='lat' dir='ltr'><strong>Praeterea</strong></span> <span class='ocrx_word' id='word_1_332' title='bbox 1569 1698 1730 1731; x_wconf 88' lang='lat' dir='ltr'><strong>animalia</strong></span> <span class='ocrx_word' id='word_1_333' title='bbox 1762 1701 1908 1732; x_wconf 85' lang='lat' dir='ltr'><strong>feminea</strong></span> 
     </span>
     <span class='ocr_line' id='line_1_32' title="bbox 97 1747 1906 1783; baseline 0.002 -3"><span class='ocrx_word' id='word_1_334' title='bbox 97 1751 133 1780; x_wconf 87' lang='lat' dir='ltr'><strong>et</strong></span> <span class='ocrx_word' id='word_1_335' title='bbox 154 1748 338 1780; x_wconf 88' lang='lat' dir='ltr'><strong>masculina</strong></span> <span class='ocrx_word' id='word_1_336' title='bbox 361 1758 428 1780; x_wconf 91' lang='lat' dir='ltr'><strong>non</strong></span> <span class='ocrx_word' id='word_1_337' title='bbox 452 1747 559 1779; x_wconf 90' lang='lat' dir='ltr'><strong>solum</strong></span> <span class='ocrx_word' id='word_1_338' title='bbox 583 1747 687 1779; x_wconf 87' lang='lat' dir='ltr'><strong>chelis</strong></span> <span class='ocrx_word' id='word_1_339' title='bbox 712 1748 769 1779; x_wconf 86' lang='lat' dir='ltr'><strong>sed</strong></span> <span class='ocrx_word' id='word_1_340' title='bbox 793 1750 951 1780; x_wconf 88' lang='lat' dir='ltr'><strong>antennis</strong></span> <span class='ocrx_word' id='word_1_341' title='bbox 975 1750 1077 1781; x_wconf 88' lang='lat' dir='ltr'><strong>etiam</strong></span> <span class='ocrx_word' id='word_1_342' title='bbox 1100 1750 1191 1781; x_wconf 88' lang='lat' dir='ltr'><strong>inter</strong></span> <span class='ocrx_word' id='word_1_343' title='bbox 1213 1760 1250 1781; x_wconf 88' lang='lat' dir='ltr'><strong>se</strong></span> <span class='ocrx_word' id='word_1_344' title='bbox 1273 1750 1409 1782; x_wconf 85' lang='lat' dir='ltr'><strong>differre</strong></span> <span class='ocrx_word' id='word_1_345' title='bbox 1433 1751 1597 1782; x_wconf 84' lang='lat' dir='ltr'><strong>videntur.</strong></span> <span class='ocrx_word' id='word_1_346' title='bbox 1656 1751 1778 1783; x_wconf 87' lang='lat' dir='ltr'><strong>Chelae</strong></span> <span class='ocrx_word' id='word_1_347' title='bbox 1800 1752 1834 1783; x_wconf 90' lang='lat' dir='ltr'><strong>in</strong></span> <span class='ocrx_word' id='word_1_348' title='bbox 1858 1752 1906 1783; x_wconf 88' lang='lat' dir='ltr'><strong>fe·</strong></span> 
     </span>
     <span class='ocr_line' id='line_1_33' title="bbox 95 1799 1906 1844; baseline 0.003 -14"><span class='ocrx_word' id='word_1_349' title='bbox 95 1799 197 1831; x_wconf 86' lang='lat' dir='ltr'><strong>minis</strong></span> <span class='ocrx_word' id='word_1_350' title='bbox 220 1799 366 1831; x_wconf 89' lang='lat' dir='ltr'><strong>minores</strong></span> <span class='ocrx_word' id='word_1_351' title='bbox 390 1806 423 1830; x_wconf 92' lang='lat' dir='ltr'><strong>et</strong></span> <span class='ocrx_word' id='word_1_352' title='bbox 446 1806 612 1830; x_wconf 85' lang='lat' dir='ltr'><strong>antennae</strong></span> <span class='ocrx_word' id='word_1_353' title='bbox 637 1800 828 1841; x_wconf 90' lang='lat' dir='ltr'><strong>superiores</strong></span> <span class='ocrx_word' id='word_1_354' title='bbox 853 1807 918 1832; x_wconf 87' lang='lat' dir='ltr'><strong>tam</strong></span> <span class='ocrx_word' id='word_1_355' title='bbox 942 1800 1063 1833; x_wconf 87' lang='lat' dir='ltr'><strong>breves</strong></span> <span class='ocrx_word' id='word_1_356' title='bbox 1087 1807 1182 1842; x_wconf 88' lang='lat' dir='ltr'><strong>sunt,</strong></span> <span class='ocrx_word' id='word_1_357' title='bbox 1205 1807 1241 1832; x_wconf 90' lang='lat' dir='ltr'><strong>ut</strong></span> <span class='ocrx_word' id='word_1_358' title='bbox 1263 1802 1324 1833; x_wconf 85' lang='lat' dir='ltr'><strong>vix</strong></span> <span class='ocrx_word' id='word_1_359' title='bbox 1346 1808 1509 1835; x_wconf 88' lang='lat' dir='ltr'><strong>antennas</strong></span> <span class='ocrx_word' id='word_1_360' title='bbox 1534 1802 1709 1834; x_wconf 86' lang='lat' dir='ltr'><strong>inferiores</strong></span> <span class='ocrx_word' id='word_1_361' title='bbox 1738 1809 1906 1844; x_wconf 79' lang='lat' dir='ltr'><strong>superent.</strong></span> 
     </span>
     <span class='ocr_line' id='line_1_34' title="bbox 94 1849 873 1891; baseline 0 -9"><span class='ocrx_word' id='word_1_362' title='bbox 94 1849 284 1891; x_wconf 83' lang='lat' dir='ltr'><strong>Numquam</strong></span> <span class='ocrx_word' id='word_1_363' title='bbox 308 1857 418 1883; x_wconf 89' lang='lat' dir='ltr'><strong>autem</strong></span> <span class='ocrx_word' id='word_1_364' title='bbox 442 1861 498 1883; x_wconf 91' lang='lat' dir='ltr'><strong>eas</strong></span> <span class='ocrx_word' id='word_1_365' title='bbox 521 1851 574 1882; x_wconf 92' lang='lat' dir='ltr'><strong>his</strong></span> <span class='ocrx_word' id='word_1_366' title='bbox 598 1850 771 1883; x_wconf 86' lang='lat' dir='ltr'><strong>breviores</strong></span> <span class='ocrx_word' id='word_1_367' title='bbox 797 1852 873 1882; x_wconf 85' lang='lat' dir='ltr'><strong>vidi.</strong></span> 
     </span>
    </p>
   </div>
   <div class='ocr_carea' id='block_1_3' title="bbox 95 1909 1907 2425">
    <p class='ocr_par' dir='ltr' id='par_1_7' title="bbox 97 1909 1906 2004">
     <span class='ocr_line' id='line_1_35' title="bbox 209 1909 1906 1956; baseline 0.002 -15"><span class='ocrx_word' id='word_1_368' title='bbox 209 1910 378 1942; x_wconf 88' lang='lat' dir='ltr'><strong>Animalia</strong></span> <span class='ocrx_word' id='word_1_369' title='bbox 400 1909 608 1952; x_wconf 90' lang='lat' dir='ltr'><strong>longitudine</strong></span> <span class='ocrx_word' id='word_1_370' title='bbox 631 1921 736 1951; x_wconf 90' lang='lat' dir='ltr'><strong>paene</strong></span> <span class='ocrx_word' id='word_1_371' title='bbox 759 1912 778 1944; x_wconf 82' lang='lat'>9</span> <span class='ocrx_word' id='word_1_372' title='bbox 800 1910 909 1943; x_wconf 88' lang='lat' dir='ltr'><strong>lineas</strong></span> <span class='ocrx_word' id='word_1_373' title='bbox 934 1918 1138 1952; x_wconf 81' lang='lat' dir='ltr'><strong>exaequant;</strong></span> <span class='ocrx_word' id='word_1_374' title='bbox 1161 1919 1327 1944; x_wconf 88' lang='lat' dir='ltr'><strong>antennae</strong></span> <span class='ocrx_word' id='word_1_375' title='bbox 1341 1913 1531 1956; x_wconf 86' lang='lat' dir='ltr'><strong>superiores</strong></span> <span class='ocrx_word' id='word_1_376' title='bbox 1545 1923 1649 1955; x_wconf 89' lang='lat' dir='ltr'><strong>paene</strong></span> <span class='ocrx_word' id='word_1_377' title='bbox 1667 1915 1704 1953; x_wconf 87' lang='grc'><strong>4,</strong></span> <span class='ocrx_word' id='word_1_378' title='bbox 1728 1912 1906 1945; x_wconf 83' lang='lat' dir='ltr'><strong>inferiores</strong></span> 
     </span>
     <span class='ocr_line' id='line_1_36' title="bbox 97 1959 503 2004; baseline 0.007 -11"><span class='ocrx_word' id='word_1_379' title='bbox 97 1960 117 1993; x_wconf 87' lang='lat'><strong>3</strong></span> <span class='ocrx_word' id='word_1_380' title='bbox 139 1959 247 1994; x_wconf 85' lang='lat' dir='ltr'><strong>lineas</strong></span> <span class='ocrx_word' id='word_1_381' title='bbox 269 1961 392 2004; x_wconf 89' lang='lat' dir='ltr'><strong>longae</strong></span> <span class='ocrx_word' id='word_1_382' title='bbox 415 1968 503 1996; x_wconf 71' lang='lat' dir='ltr'><strong>sunt.</strong></span> 
     </span>
    </p>

    <p class='ocr_par' dir='ltr' id='par_1_8' title="bbox 95 2019 1907 2425">
     <span class='ocr_line' id='line_1_37' title="bbox 213 2019 1907 2067; baseline 0.002 -15"><span class='ocrx_word' id='word_1_383' title='bbox 213 2019 434 2062; x_wconf 89' lang='lat' dir='ltr'><strong>Discrimina,</strong></span> <span class='ocrx_word' id='word_1_384' title='bbox 459 2032 541 2062; x_wconf 90' lang='lat' dir='ltr'><strong>quae</strong></span> <span class='ocrx_word' id='word_1_385' title='bbox 564 2028 642 2053; x_wconf 89' lang='lat' dir='ltr'><strong>sunt</strong></span> <span class='ocrx_word' id='word_1_386' title='bbox 663 2022 754 2053; x_wconf 86' lang='lat' dir='ltr'><strong>iuter</strong></span> <span class='ocrx_word' id='word_1_387' title='bbox 776 2021 863 2054; x_wconf 88' lang='lat' dir='ltr'><strong>hanc</strong></span> <span class='ocrx_word' id='word_1_388' title='bbox 887 2022 1146 2065; x_wconf 86' lang='lat' dir='ltr'><strong>descriptionem</strong></span> <span class='ocrx_word' id='word_1_389' title='bbox 1169 2029 1203 2054; x_wconf 89' lang='lat' dir='ltr'><strong>et</strong></span> <span class='ocrx_word' id='word_1_390' title='bbox 1225 2034 1316 2064; x_wconf 86' lang='lat' dir='ltr'><strong>eam,</strong></span> <span class='ocrx_word' id='word_1_391' title='bbox 1350 2035 1436 2067; x_wconf 90' lang='lat' dir='ltr'><strong>quae</strong></span> <span class='ocrx_word' id='word_1_392' title='bbox 1463 2025 1539 2056; x_wconf 89' lang='lat' dir='ltr'><strong>data</strong></span> <span class='ocrx_word' id='word_1_393' title='bbox 1563 2030 1614 2055; x_wconf 89' lang='lat' dir='ltr'><strong>est</strong></span> <span class='ocrx_word' id='word_1_394' title='bbox 1637 2034 1657 2055; x_wconf 91' lang='lat' dir='ltr'><strong>a</strong></span> <span class='ocrx_word' id='word_1_395' title='bbox 1679 2022 1808 2055; x_wconf 88' lang='lat' dir='ltr'><strong>Milne</strong></span> <span class='ocrx_word' id='word_1_396' title='bbox 1834 2024 1907 2056; x_wconf 88' lang='lat' dir='ltr'><strong>Ed·</strong></span> 
     </span>
     <span class='ocr_line' id='line_1_38' title="bbox 96 2070 1906 2117; baseline 0.002 -15"><span class='ocrx_word' id='word_1_397' title='bbox 96 2070 245 2110; x_wconf 69' lang='lat' dir='ltr'><strong>wardS,</strong></span> <span class='ocrx_word' id='word_1_398' title='bbox 267 2070 348 2104; x_wconf 88' lang='lat' dir='ltr'><strong>haec</strong></span> <span class='ocrx_word' id='word_1_399' title='bbox 371 2076 464 2104; x_wconf 77' lang='lat' dir='ltr'><strong>sunt:</strong></span> <span class='ocrx_word' id='word_1_400' title='bbox 490 2073 631 2114; x_wconf 89' lang='lat' dir='ltr'><strong>primum</strong></span> <span class='ocrx_word' id='word_1_401' title='bbox 656 2074 691 2104; x_wconf 93' lang='lat' dir='ltr'><strong>in</strong></span> <span class='ocrx_word' id='word_1_402' title='bbox 707 2073 884 2109; x_wconf 89' lang='lat' dir='ltr'><strong>Gammaro</strong></span> <span class='ocrx_word' id='word_1_403' title='bbox 896 2074 1027 2107; x_wconf 83' lang='lat' dir='ltr'><strong>locusta</strong></span> <span class='ocrx_word' id='word_1_404' title='bbox 1050 2075 1282 2107; x_wconf 84' lang='lat' dir='ltr'><strong>Edwardsii</strong></span> <span class='ocrx_word' id='word_1_405' title='bbox 1305 2083 1472 2108; x_wconf 86' lang='lat' dir='ltr'><strong>antennae</strong></span> <span class='ocrx_word' id='word_1_406' title='bbox 1490 2077 1676 2117; x_wconf 87' lang='lat' dir='ltr'><strong>superiores</strong></span> <span class='ocrx_word' id='word_1_407' title='bbox 1689 2074 1906 2107; x_wconf 85' lang='lat' dir='ltr'><strong>inferioribus</strong></span> 
     </span>
     <span class='ocr_line' id='line_1_39' title="bbox 95 2121 1905 2171; baseline 0.003 -18"><span class='ocrx_word' id='word_1_408' title='bbox 95 2131 162 2153; x_wconf 89' lang='lat' dir='ltr'><strong>non</strong></span> <span class='ocrx_word' id='word_1_409' title='bbox 185 2121 355 2164; x_wconf 79' lang='lat' dir='ltr'><strong>longiores</strong></span> <span class='ocrx_word' id='word_1_410' title='bbox 378 2131 473 2163; x_wconf 88' lang='lat' dir='ltr'><strong>sunt,</strong></span> <span class='ocrx_word' id='word_1_411' title='bbox 493 2125 530 2155; x_wconf 89' lang='lat' dir='ltr'><strong>in</strong></span> <span class='ocrx_word' id='word_1_412' title='bbox 554 2124 706 2157; x_wconf 86' lang='lat' dir='ltr'><strong>omnibus</strong></span> <span class='ocrx_word' id='word_1_413' title='bbox 731 2136 810 2157; x_wconf 89' lang='lat' dir='ltr'><strong>vero</strong></span> <span class='ocrx_word' id='word_1_414' title='bbox 833 2128 959 2158; x_wconf 89' lang='lat' dir='ltr'><strong>nostris</strong></span> <span class='ocrx_word' id='word_1_415' title='bbox 982 2125 1181 2159; x_wconf 88' lang='lat' dir='ltr'><strong>animalibus</strong></span> <span class='ocrx_word' id='word_1_416' title='bbox 1206 2137 1263 2158; x_wconf 90' lang='lat' dir='ltr'><strong>eas</strong></span> <span class='ocrx_word' id='word_1_417' title='bbox 1286 2126 1494 2171; x_wconf 88' lang='lat' dir='ltr'><strong>longitudine</strong></span> <span class='ocrx_word' id='word_1_418' title='bbox 1518 2133 1693 2168; x_wconf 83' lang='lat' dir='ltr'><strong>superant3</strong></span> <span class='ocrx_word' id='word_1_419' title='bbox 1729 2126 1847 2159; x_wconf 88' lang='lat' dir='ltr'><strong>deinde</strong></span> <span class='ocrx_word' id='word_1_420' title='bbox 1869 2127 1905 2158; x_wconf 91' lang='lat' dir='ltr'><strong>in</strong></span> 
     </span>
     <span class='ocr_line' id='line_1_40' title="bbox 96 2171 1906 2221; baseline 0.003 -17"><span class='ocrx_word' id='word_1_421' title='bbox 96 2171 151 2204; x_wconf 84' lang='lat' dir='ltr'><strong>his</strong></span> <span class='ocrx_word' id='word_1_422' title='bbox 173 2180 356 2212; x_wconf 85' lang='lat' dir='ltr'><strong>antennae,</strong></span> <span class='ocrx_word' id='word_1_423' title='bbox 380 2177 552 2215; x_wconf 87' lang='lat' dir='ltr'><strong>praecipue</strong></span> <span class='ocrx_word' id='word_1_424' title='bbox 576 2178 770 2218; x_wconf 87' lang='lat' dir='ltr'><strong>inferiores,</strong></span> <span class='ocrx_word' id='word_1_425' title='bbox 795 2188 924 2218; x_wconf 89' lang='lat' dir='ltr'><strong>semper</strong></span> <span class='ocrx_word' id='word_1_426' title='bbox 945 2177 1056 2220; x_wconf 82' lang='lat' dir='ltr'><strong>longis</strong></span> <span class='ocrx_word' id='word_1_427' title='bbox 1080 2177 1160 2220; x_wconf 90' lang='lat' dir='ltr'><strong>pilis</strong></span> <span class='ocrx_word' id='word_1_428' title='bbox 1184 2180 1368 2212; x_wconf 82' lang='lat' dir='ltr'><strong>instructae</strong></span> <span class='ocrx_word' id='word_1_429' title='bbox 1391 2186 1486 2221; x_wconf 89' lang='lat' dir='ltr'><strong>sunt,</strong></span> <span class='ocrx_word' id='word_1_430' title='bbox 1525 2181 1619 2221; x_wconf 86' lang='lat' dir='ltr'><strong>cujus</strong></span> <span class='ocrx_word' id='word_1_431' title='bbox 1642 2179 1691 2211; x_wconf 90' lang='lat' dir='ltr'><strong>rei</strong></span> <span class='ocrx_word' id='word_1_432' title='bbox 1713 2178 1736 2211; x_wconf 89' lang='lat' dir='ltr'><strong>l.</strong></span> <span class='ocrx_word' id='word_1_433' title='bbox 1762 2189 1788 2210; x_wconf 87' lang='lat' dir='ltr'><strong>c.</strong></span> <span class='ocrx_word' id='word_1_434' title='bbox 1812 2177 1906 2209; x_wconf 91' lang='lat' dir='ltr'><strong>nulla</strong></span> 
     </span>
     <span class='ocr_line' id='line_1_41' title="bbox 95 2220 1904 2271; baseline 0.003 -15"><span class='ocrx_word' id='word_1_435' title='bbox 95 2222 137 2256; x_wconf 82' lang='lat' dir='ltr'><strong>fit</strong></span> <span class='ocrx_word' id='word_1_436' title='bbox 159 2226 300 2264; x_wconf 81' lang='lat' dir='ltr'><strong>menti03</strong></span> <span class='ocrx_word' id='word_1_437' title='bbox 333 2230 403 2258; x_wconf 90' lang='lat' dir='ltr'><strong>tum</strong></span> <span class='ocrx_word' id='word_1_438' title='bbox 427 2237 492 2258; x_wconf 90' lang='lat' dir='ltr'><strong>non</strong></span> <span class='ocrx_word' id='word_1_439' title='bbox 515 2238 599 2259; x_wconf 88' lang='lat' dir='ltr'><strong>unus</strong></span> <span class='ocrx_word' id='word_1_440' title='bbox 623 2235 752 2260; x_wconf 89' lang='lat' dir='ltr'><strong>tantum</strong></span> <span class='ocrx_word' id='word_1_441' title='bbox 775 2231 946 2271; x_wconf 84' lang='lat' dir='ltr'><strong>spinarum</strong></span> <span class='ocrx_word' id='word_1_442' title='bbox 968 2229 1164 2270; x_wconf 87' lang='lat' dir='ltr'><strong>fasciculus,</strong></span> <span class='ocrx_word' id='word_1_443' title='bbox 1187 2237 1223 2262; x_wconf 89' lang='lat' dir='ltr'><strong>ut</strong></span> <span class='ocrx_word' id='word_1_444' title='bbox 1245 2231 1325 2262; x_wconf 90' lang='lat' dir='ltr'><strong>dicit</strong></span> <span class='ocrx_word' id='word_1_445' title='bbox 1348 2230 1479 2263; x_wconf 90' lang='lat' dir='ltr'><strong>Milne</strong></span> <span class='ocrx_word' id='word_1_446' title='bbox 1502 2231 1717 2269; x_wconf 81' lang='lat' dir='ltr'><strong>Edwards,</strong></span> <span class='ocrx_word' id='word_1_447' title='bbox 1752 2220 1810 2261; x_wconf 79' lang='lat' dir='ltr'><strong>sed</strong></span> <span class='ocrx_word' id='word_1_448' title='bbox 1834 2232 1904 2261; x_wconf 82' lang='lat' dir='ltr'><strong>tres</strong></span> 
     </span>
     <span class='ocr_line' id='line_1_42' title="bbox 95 2273 1904 2323; baseline 0.003 -17"><span class='ocrx_word' id='word_1_449' title='bbox 95 2273 246 2308; x_wconf 76' lang='lat' dir='ltr'><strong>fasciculi</strong></span> <span class='ocrx_word' id='word_1_450' title='bbox 281 2278 315 2308; x_wconf 88' lang='lat' dir='ltr'><strong>in</strong></span> <span class='ocrx_word' id='word_1_451' title='bbox 339 2288 467 2319; x_wconf 85' lang='lat' dir='ltr'><strong>quoque</strong></span> <span class='ocrx_word' id='word_1_452' title='bbox 501 2287 672 2321; x_wconf 82' lang='lat' dir='ltr'><strong>segmento</strong></span> <span class='ocrx_word' id='word_1_453' title='bbox 707 2280 895 2313; x_wconf 89' lang='lat' dir='ltr'><strong>abdominis</strong></span> <span class='ocrx_word' id='word_1_454' title='bbox 918 2282 1142 2321; x_wconf 86' lang='lat' dir='ltr'><strong>posteriorum</strong></span> <span class='ocrx_word' id='word_1_455' title='bbox 1163 2284 1390 2323; x_wconf 89' lang='lat' dir='ltr'><strong>reperiuntur;</strong></span> <span class='ocrx_word' id='word_1_456' title='bbox 1424 2283 1565 2323; x_wconf 88' lang='lat' dir='ltr'><strong>denique</strong></span> <span class='ocrx_word' id='word_1_457' title='bbox 1597 2280 1757 2314; x_wconf 87' lang='lat' dir='ltr'><strong>articulos</strong></span> <span class='ocrx_word' id='word_1_458' title='bbox 1781 2279 1904 2312; x_wconf 81' lang='lat' dir='ltr'><strong>finales</strong></span> 
     </span>
     <span class='ocr_line' id='line_1_43' title="bbox 97 2325 1904 2375; baseline 0.003 -18"><span class='ocrx_word' id='word_1_459' title='bbox 97 2325 216 2364; x_wconf 82' lang='lat' dir='ltr'><strong>pedum</strong></span> <span class='ocrx_word' id='word_1_460' title='bbox 240 2330 329 2360; x_wconf 86' lang='lat' dir='ltr'><strong>sexti</strong></span> <span class='ocrx_word' id='word_1_461' title='bbox 352 2330 442 2369; x_wconf 87' lang='lat' dir='ltr'><strong>paris</strong></span> <span class='ocrx_word' id='word_1_462' title='bbox 466 2331 658 2369; x_wconf 84' lang='lat' dir='ltr'><strong>spuriorum</strong></span> <span class='ocrx_word' id='word_1_463' title='bbox 682 2333 770 2363; x_wconf 90' lang='lat' dir='ltr'><strong>inter</strong></span> <span class='ocrx_word' id='word_1_464' title='bbox 795 2342 831 2364; x_wconf 91' lang='lat' dir='ltr'><strong>se</strong></span> <span class='ocrx_word' id='word_1_465' title='bbox 853 2331 1063 2375; x_wconf 89' lang='lat' dir='ltr'><strong>longitudine</strong></span> <span class='ocrx_word' id='word_1_466' title='bbox 1087 2343 1193 2375; x_wconf 88' lang='lat' dir='ltr'><strong>paene</strong></span> <span class='ocrx_word' id='word_1_467' title='bbox 1217 2333 1370 2374; x_wconf 86' lang='lat' dir='ltr'><strong>aequales</strong></span> <span class='ocrx_word' id='word_1_468' title='bbox 1395 2344 1469 2367; x_wconf 87' lang='lat' dir='ltr'><strong>esse</strong></span> <span class='ocrx_word' id='word_1_469' title='bbox 1492 2335 1573 2366; x_wconf 86' lang='lat' dir='ltr'><strong>dicit</strong></span> <span class='ocrx_word' id='word_1_470' title='bbox 1596 2333 1648 2364; x_wconf 90' lang='lat' dir='ltr'><strong>hic</strong></span> <span class='ocrx_word' id='word_1_471' title='bbox 1671 2333 1831 2373; x_wconf 88' lang='lat' dir='ltr'><strong>scriptor,</strong></span> <span class='ocrx_word' id='word_1_472' title='bbox 1867 2331 1904 2363; x_wconf 90' lang='lat' dir='ltr'><strong>in</strong></span> 
     </span>
     <span class='ocr_line' id='line_1_44' title="bbox 96 2377 1904 2425; baseline 0.003 -16"><span class='ocrx_word' id='word_1_473' title='bbox 96 2377 252 2411; x_wconf 80' lang='lat' dir='ltr'><strong>omnibus</strong></span> <span class='ocrx_word' id='word_1_474' title='bbox 275 2386 390 2414; x_wconf 84' lang='lat' dir='ltr'><strong>contra</strong></span> <span class='ocrx_word' id='word_1_475' title='bbox 412 2392 431 2414; x_wconf 90' lang='lat' dir='ltr'><strong>a</strong></span> <span class='ocrx_word' id='word_1_476' title='bbox 454 2392 506 2414; x_wconf 87' lang='lat' dir='ltr'><strong>me</strong></span> <span class='ocrx_word' id='word_1_477' title='bbox 531 2383 673 2425; x_wconf 84' lang='lat' dir='ltr'><strong>repertis</strong></span> <span class='ocrx_word' id='word_1_478' title='bbox 696 2383 897 2416; x_wconf 87' lang='lat' dir='ltr'><strong>animalibus</strong></span> <span class='ocrx_word' id='word_1_479' title='bbox 921 2383 1080 2417; x_wconf 88' lang='lat' dir='ltr'><strong>articulus</strong></span> <span class='ocrx_word' id='word_1_480' title='bbox 1113 2385 1227 2418; x_wconf 84' lang='lat' dir='ltr'><strong>finalis</strong></span> <span class='ocrx_word' id='word_1_481' title='bbox 1250 2387 1398 2419; x_wconf 86' lang='lat' dir='ltr'><strong>exterior</strong></span> <span class='ocrx_word' id='word_1_482' title='bbox 1425 2387 1583 2418; x_wconf 89' lang='lat' dir='ltr'><strong>interiore</strong></span> <span class='ocrx_word' id='word_1_483' title='bbox 1612 2383 1719 2418; x_wconf 89' lang='lat' dir='ltr'><strong>multo</strong></span> <span class='ocrx_word' id='word_1_484' title='bbox 1749 2383 1848 2417; x_wconf 86' lang='lat' dir='ltr'><strong>latior</strong></span> <span class='ocrx_word' id='word_1_485' title='bbox 1870 2389 1904 2415; x_wconf 86' lang='lat' dir='ltr'><strong>et</strong></span> 
     </span>
    </p>
   </div>
  </div>
 </body>
</html>
