2193 2832
1147 150 1201 185 2-1-

260 246 461 278 anteriorem
487 243 709 286 superficiem
734 240 1022 282 cephalothoracis
1046 239 1133 279 exit,
1158 249 1259 279 quare
1283 237 1546 278 cephalothorax
1575 238 1618 271 ad
1640 239 1833 273 inferiorem
1858 248 1986 282 partem
2010 252 2085 275 ver-

258 308 316 330 sus
341 298 467 329 sensim
491 295 668 328 latitudine
692 294 896 326 diminuitur.
953 292 1098 324 Inferior
1133 301 1247 333 margo
1277 302 1382 331 paene
1412 297 1524 322 rectus
1548 293 1721 331 rostroque
1745 293 1879 324 omnino
1907 294 2110 328 destitutus*

261 351 416 381 continuo
441 350 475 379 in
499 346 628 378 labrum
652 357 809 389 magnum
834 346 966 377 transit.
1023 344 1062 375 ln
1101 343 1210 374 medio
1244 342 1307 374 hoo
1341 343 1491 385 margine
1520 342 1648 374 duobus
1677 344 1889 383 processibus
1919 347 2032 387 parvis
2055 355 2088 379 et
2121 340 2128 349 ’

261 400 477 432 subrotundis
511 405 678 430 antennae
713 399 859 429 minores
895 398 1042 428 insertae
1077 401 1155 426 sunt
1189 401 1341 435 totaeque
1370 395 1570 435 prominent.
1623 394 1749 426 Oculus
1778 407 1880 438 prope
1904 400 2088 441 marginem

264 453 470 484 anteriorem
496 451 580 481 situs
603 457 665 482 est.
711 449 847 481 Macula
870 450 983 490 nigra,
1006 458 1107 488 supra
1132 450 1355 478 antennarum
1379 446 1475 478 basin
1495 448 1576 489 sita,
1599 457 1717 486 parum
1740 458 1900 487 expressa
1924 455 1985 483 est.
2009 448 2090 482 Val-

263 504 380 541 vulae,
397 497 552 544 'angulis
576 501 821 542 posterioribus
845 499 1065 540 aequabiliter
1087 499 1290 538 rotundatis,
1325 499 1431 531 forma
1461 498 1548 530 ovali
1573 505 1606 529 et
1630 510 1649 530 a
1673 506 1764 541 tergo
1799 510 1898 540 supra
1917 501 2091 532 dimidium

262 565 369 596 usque
393 554 556 594 marginis
581 554 776 593 posterioris
800 552 888 582 inter
912 562 949 582 se
973 557 1136 582 connatae
1161 558 1249 583 sunt.
1295 551 1435 583 Can-alis
1460 550 1513 582 vel
1537 550 1676 591 limbus,
1702 552 1757 592 qui
1770 550 1912 583 valvulis
1937 553 2091 584 connatis

263 607 486 645 componitur,
510 604 687 637 latitudine
710 610 870 644 praestat.
917 602 1038 645 Margo
1062 603 1202 635 inferior
1227 602 1362 635 ciliatus
1387 609 1449 636 est.
1495 604 1674 634 Antennae
1698 604 1842 644 majores
1865 603 1969 635 fortes
1992 605 2092 636 satis-

264 669 325 698 que
348 657 470 700 longae
494 660 588 696 sunt,
612 667 724 688 ramus
748 665 879 694 earum,
904 655 963 697 qui
986 658 1124 694 quatuor
1147 654 1302 687 articulis
1327 655 1530 694 compositus
1556 661 1622 693 est,
1647 653 1752 686 altero
1767 653 1901 697 longior
1924 661 1969 694 et,
1993 666 2091 695 quum

265 709 432 741 secundus
458 719 585 749 quoque
609 710 683 749 ejus
708 707 870 739 articulus
895 708 1052 739 setiferus
1078 708 1139 748 sit,
1165 707 1313 749 quinque
1342 707 1425 738 setis
1450 713 1484 737 et
1507 708 1541 738 in
1566 707 1663 748 apice
1687 705 1812 738 aculeis
1842 706 2014 739 nonnullis
2037 708 2092 738 in-

264 768 410 793 structus
434 767 495 792 est.
515 762 542 799 ²)

384 812 558 844 Abdomen
582 810 729 843 valvulis
754 813 886 843 brevius
912 819 964 843 est
988 814 1023 843 et
1049 810 1182 851 oblique
1207 810 1247 842 ad
1271 810 1466 842 inferiorem
1489 811 1562 850 ejus
1585 815 1711 850 partem
1738 809 1929 850 descendit,
1954 817 1989 841 ut
2016 821 2094 851 per-

267 875 423 906 magnum
447 864 592 905 spatium
617 864 660 894 ad
685 875 747 895 ova
771 864 973 905 excipienda
996 864 1085 894 inter
1109 863 1274 894 abdomen
1299 869 1332 893 et
1355 869 1476 894 testam
1500 860 1715 901 relinquatur.
1751 861 1954 893 Praesertim
1983 861 2096 894 aliena

266 922 437 948 structura
461 915 526 946 duo
551 917 714 955 postremi
739 917 888 955 corporis
914 914 1030 946 annuli
1055 921 1144 947 sunt.
1192 913 1339 945 Ultimus
1363 913 1497 946 scilicet
1521 913 1682 944 articulus
1706 912 1894 944 abdominis
1918 924 2095 953 processus

267 974 395 999 tantum
420 967 532 998 brevis
557 970 590 998 et
614 977 746 999 crassus
771 974 839 1007 est,
875 969 929 1008 qui
962 969 996 999 in
1033 967 1114 998 duos
1139 977 1266 1008 ungues
1290 965 1460 997 invalidos
1486 965 1556 997 abit
1581 975 1642 996 nec
1666 972 1866 1004 postremum
1891 966 2009 1005 pedum
2028 975 2095 1005 par

266 1019 479 1061 longitudine
515 1025 662 1058 superat.
718 1019 928 1050 Penultimus
965 1026 1077 1051 autem
1112 1017 1257 1050 annulus
1286 1019 1474 1057 posteriore
1503 1020 1597 1056 parte
1625 1015 1752 1047 duobus
1777 1016 1987 1056 processibus
2012 1017 2097 1048 satis

266 1072 397 1113 magnis
423 1074 457 1102 et
481 1071 612 1102 conicis
649 1071 832 1102 instructus
869 1078 937 1110 est,
972 1081 1107 1111 quorum
1133 1071 1266 1110 utrique
1290 1076 1364 1100 seta
1392 1069 1531 1108 pinnata
1559 1068 1794 1108 dimidiumque
1823 1070 1927 1100 totius
1952 1069 2097 1108 corporis

266 1123 479 1165 longitudine
503 1132 667 1163 superans
690 1123 820 1153 inserta
844 1129 905 1154 est.
952 1122 1087 1154 Animal
1111 1121 1173 1153 hos
1198 1121 1336 1153 ultimos
1362 1119 1547 1152 abdominis
1571 1119 1715 1151 annulos
1734 1121 1839 1152 multo
1852 1120 1978 1158 minus,
2002 1129 2098 1159 quam

268 1182 397 1207 ceterae
422 1173 614 1214 Daphniae‚
640 1181 752 1206 movet
776 1185 837 1205 nec
858 1185 1003 1215 unquam
1028 1173 1207 1211 abdomen,
1245 1177 1283 1204 ut
1318 1183 1445 1214 ungues
1476 1172 1616 1214 pedibus
1646 1171 1897 1203 branchialibus
1921 1172 2098 1211 appropin-

268 1232 427 1267 quentur,
452 1228 578 1259 curvat.
622 1225 824 1266 processus,
848 1227 904 1266 qui
928 1236 991 1258 ova
1014 1228 1199 1265 retineant,
1222 1235 1288 1257 non
1309 1225 1534 1266 reperiuntur,
1558 1225 1594 1255 in
1618 1231 1712 1266 tergo
1736 1226 1848 1255 autem
1861 1224 2100 1264 impressiones

269 1279 445 1319 quaedam,
470 1288 552 1317 quae
576 1277 727 1310 sortasse
751 1278 942 1310 abdominis
967 1278 1110 1309 annulos
1135 1277 1344 1320 significant,
1369 1277 1628 1316 conspiciuntur.

385 1330 469 1362 Oris
494 1328 645 1369 partibus
668 1340 689 1360 a
712 1331 831 1361 ceteris
860 1330 1025 1370 Daphniis
1055 1329 1180 1362 animal
1203 1330 1393 1368 discrepare
1418 1339 1483 1360 non
1509 1328 1654 1367 videtur,
1690 1328 1791 1367 pedes
1822 1333 1952 1367 autem,
1987 1337 2099 1367 quam-

269 1393 369 1424 quam
394 1381 540 1412 nondum
566 1382 649 1412 satis
673 1388 828 1413 accurate
852 1385 1054 1422 perscrutari
1080 1382 1161 1414 mihi
1185 1381 1341 1422 contigit,
1364 1387 1399 1411 ut
1423 1379 1575 1421 singulos
1599 1379 1787 1411 describere
1819 1379 1959 1419 possim,
1988 1378 2100 1411 aliena

270 1440 438 1466 structura
461 1443 537 1464 esse
560 1433 727 1465 videntur.
785 1433 914 1467 Breves
950 1436 1038 1466 enim
1074 1441 1152 1466 sunt
1186 1432 1372 1472 multasque
1396 1433 1430 1462 in
1454 1431 1596 1462 lacinias
1620 1430 1695 1462 fissi
1725 1438 1758 1462 et
1781 1430 1846 1462 sibi
1876 1432 2101 1472 approximati

270 1490 378 1519 totum
410 1486 551 1526 spatium
577 1487 644 1516 oris
668 1485 819 1525 partibus
845 1493 877 1517 et
901 1486 1026 1518 annulo
1050 1485 1238 1518 abdominis
1262 1491 1430 1524 postremo
1455 1485 1664 1524 interjectum
1690 1482 1840 1524 explent.

389 1539 428 1569 In
454 1538 596 1579 partium
619 1539 813 1569 interiorum
840 1540 988 1579 corporis
1013 1542 1183 1569 structura
1206 1535 1290 1568 nihil
1315 1535 1419 1567 alieni
1442 1536 1617 1576 reperitur.
1652 1534 1788 1566 Animal
1811 1533 1909 1566 valde
1922 1534 2100 1567 delicatum

278 1589 486 1629 etftenerum
511 1595 562 1620 est
586 1595 618 1619 et
643 1590 864 1628 microscopio
889 1589 1099 1629 subpositum
1124 1599 1204 1620 mox
1228 1588 1392 1619 abdomen
1419 1594 1486 1619 tam
1512 1587 1732 1618 vehementer
1756 1586 1940 1625 contrahit,
1975 1593 2011 1618 ut
2031 1598 2088 1627 po-

276 1649 419 1673 stremae
445 1643 519 1682 ejus
544 1646 656 1679 paries
681 1640 821 1672 difficile
846 1643 1096 1681 perspiciantur.

392 1693 586 1734 Longitudo
610 1694 756 1732 corporis
780 1695 873 1731 031,
898 1704 970 1724 cum
996 1695 1077 1725 setis
1103 1691 1298 1724 caudalibus
1322 1692 1399 1731 0,47
1422 1690 1482 1722 lin.

393 1744 492 1776 Hanc
516 1744 659 1785 speciem
684 1755 742 1783 per
766 1744 903 1776 ultimos
929 1747 1070 1778 aestatis
1094 1754 1224 1776 menses
1250 1745 1284 1775 in
1309 1755 1395 1784 aqua
1419 1743 1574 1784 quadam,
1601 1753 1683 1783 quae
1706 1754 1725 1775 e
1747 1743 1855 1782 fossa,
1878 1741 1979 1784 vulgo
1992 1743 2102 1775 Land-

273 1796 400 1838 graben
425 1797 611 1834 nominata,
637 1795 760 1835 effluit,
784 1807 889 1838 prope
914 1797 1173 1839 Regiomontum
1198 1797 1318 1835 reperi.
1557 1789 1564 1791 ⁴
1620 1793 1627 1799 '

394 1847 599 1879 Veresimile
624 1848 725 1889 igitur
748 1855 816 1887 est,
840 1849 957 1888 pedum
982 1855 1148 1880 structura
1183 1847 1303 1879 melius
1328 1848 1479 1889 cognita,
1516 1848 1551 1878 in
1586 1846 1648 1878 hoc
1684 1845 1821 1878 animali
1854 1856 1972 1877 novum
1996 1857 2101 1888 genus

274 1900 495 1940 incipiendum
531 1911 615 1933 esse·
662 1899 775 1931 Koch
801 1899 823 1931 l.
849 1911 876 1932 c.
901 1911 1022 1932 nomen
1045 1900 1225 1933 Pasitheam
1254 1900 1425 1939 proposuit
1455 1905 1489 1930 et
1513 1899 1598 1930 hanc
1628 1900 1772 1938 speciem
1804 1897 1984 1931 Pasitheam
2007 1902 2103 1931 recti·

277 1958 407 1984 rostrem
432 1953 629 1984 nominavit.

887 2001 940 2043 G
968 2012 1000 2043 e
1028 2012 1066 2044 11
1093 2011 1131 2043 u
1158 2010 1186 2043 s
1259 2000 1298 2042 S
1326 1999 1345 2042 ἰ
1372 1998 1410 2042 tl
1437 2009 1496 2041 a.

453 2071 609 2104 STRAUS,
638 2073 788 2098 Memoires
809 2075 843 2098 du
864 2074 1006 2105 Museum,
1026 2077 1099 2098 tome
1117 2072 1142 2098 5.

394 2123 544 2162 Animal,
574 2134 635 2163 quo
659 2134 764 2166 genus
788 2124 871 2156 Sida
895 2125 1102 2163 continetur,
1133 2124 1271 2163 primum
1296 2123 1426 2162 quidem
1452 2133 1471 2153 a
1495 2121 1671 2154 Miillero
1695 2123 1898 2164 descriptum
1923 2122 2102 2164 Daphniis-

280 2187 339 2215 que
364 2182 634 2214 annumeratum,
659 2183 724 2206 tum
750 2180 860 2207 autem
890 2186 909 2206 a
934 2175 1079 2206 Straus
1104 2182 1236 2215 propter
1259 2173 1404 2205 alienam
1429 2181 1647 2206 antennarum
1672 2181 1876 2206 structuram
1900 2175 1940 2206 ab
1964 2174 2023 2206 ilio
2047 2186 2103 2217 ge-

344 2285 368 2315 ”)
388 2286 421 2312 In
441 2285 571 2319 Daphnin
588 2288 692 2320 pulice,
712 2287 800 2317 Simu,
820 2287 981 2320 reticulata,
1001 2288 1146 2314 brachium
1165 2295 1260 2314 ramus
1281 2291 1479 2319 antennarum,
1504 2289 1552 2319 qui
1572 2291 1692 2319 quatuor
1711 2290 1838 2314 articulis
1859 2289 2029 2318 compositus
2051 2292 2103 2325 est,

278 2334 396 2360 quatuor
416 2334 522 2356 tantum
542 2334 613 2356 setis
633 2334 788 2356 instructus
810 2336 868 2362 est,
889 2339 1004 2363 quarum
1024 2340 1080 2357 una
1099 2335 1183 2358 tertio
1203 2334 1336 2362 articulo,
1356 2336 1414 2357 tres
1434 2334 1506 2362 apici
1526 2334 1653 2356 insertae
1672 2335 1746 2357 sunt.
1784 2333 1815 2356 In
1833 2330 1870 2356 D.
1889 2333 2002 2363 nasuta,
2022 2332 2102 2358 recti-

279 2373 376 2404 rostri,
396 2373 546 2406 lonyz‘colli,
568 2373 704 2400 clathrata
723 2377 876 2400 secundum
896 2377 1001 2408 figuras
1020 2376 1154 2401 Jurinii
1181 2376 1316 2404 (histoire
1335 2377 1385 2401 des
1404 2377 1546 2401 monocles
1575 2376 1631 2400 tab.
1651 2373 1692 2401 13.
1713 2376 1759 2407 fig.
1778 2371 1881 2405 1—(53
1909 2377 1966 2401 tab.
1987 2374 2029 2402 14.
2056 2377 2104 2407 fig.

280 2416 295 2441 5
309 2432 335 2436 —
349 2417 363 2441 7
375 2418 387 2445 j)
408 2421 437 2443 ut
456 2420 485 2443 in
505 2417 541 2443 D.
561 2417 713 2451 brachyura
733 2420 856 2450 quinque
875 2423 955 2444 setae
974 2421 1003 2445 in
1022 2423 1142 2451 utroque
1163 2427 1238 2445 ramo
1258 2424 1443 2445 antennarum
1461 2417 1649 2450 reperiuntur.
