2193 2832
1140 157 1192 191 18

372 245 484 284 Quum
508 245 664 278 Brandt
686 244 787 287 hujus
812 245 935 286 speciei
959 246 1088 278 nomini
1111 245 1134 277 l.
1160 257 1186 277 c.
1213 244 1339 278 nullam
1362 247 1621 288 descriptionem
1646 248 1858 291 adjunxerit,
1892 262 1950 291 pro
1981 259 2071 290 certo

253 297 360 328 dicere
384 307 450 328 non
475 307 628 339 possum,
654 307 730 328 num
755 298 884 339 species
909 304 1028 330 nostra
1052 308 1125 329 cum
1147 297 1286 339 Ligidio
1307 297 1478 331 Persoom'i
1501 309 1618 331 revera
1641 308 1810 343 congruat.
1863 301 1971 340 Quum
1995 315 2071 336 vero

252 348 336 379 haec
359 359 424 380 una
448 350 576 389 species
600 348 706 381 adhuc
730 351 868 392 cognita
892 350 955 388 sit,
980 355 1013 380 et
1037 350 1072 381 in
1097 349 1283 381 Germania
1306 360 1372 382 non
1397 361 1475 382 raro
1498 352 1638 392 reperiri
1662 353 1829 392 videatur,
1853 354 1884 385 id
1909 356 1966 387 vix
1990 356 2070 387 mihi

251 398 385 431 dubium
410 403 470 433 est.
502 402 582 434 zia
602 402 788 443 paludicola
812 408 845 433 et
867 402 934 434 Zia
957 402 1073 443 agilis,
1097 410 1178 441 quas
1201 399 1314 433 Koch
1338 401 1374 443 (l.
1399 413 1427 437 c.
1452 403 1535 436 fasc.
1558 403 1610 436 34.
1633 402 1690 446 fig.
1715 405 1868 447 21-23.)
1897 406 2070 447 describit,

251 452 429 483 varietates
453 458 581 485 tantum
605 453 706 495 hujus
731 454 856 495 speciei
880 463 955 485 esse
980 453 1142 485 videntur.

554 587 800 631 Genus
852 586 1467 632 Armatlillitlium
1519 592 1750 631 BRANDT.

384 695 528 720 BRANDT
549 697 603 720 und
622 695 855 727 RATZEBURG,
894 696 1096 721 Medlzlnlsche
1116 696 1254 726 zootogte
1275 695 1324 720 Th.
1344 697 1381 721 ΙΙ.
1401 703 1427 728 p.
1447 694 1489 721 81.

366 753 404 784 In
429 755 657 786 describendis
682 755 784 786 variis
809 753 909 796 hujus
933 756 1066 796 generis
1091 756 1264 795 speciebus
1289 761 1425 795 praeter
1448 756 1550 786 totius
1575 756 1723 796 corporis
1748 762 1780 787 et
1804 755 1912 788 ultimi
1924 757 2070 789 abdomi-

249 805 300 835 nis
326 805 451 846 cinguli
475 807 615 838 formam
640 807 822 847 praecipue
847 807 1058 846 respicienda
1082 814 1160 838 sunt
1185 814 1218 838 et
1241 807 1342 843 ratio,
1379 817 1464 848 quae
1490 808 1536 838 sit
1560 808 1648 839 inter
1671 818 1867 847 processum
1890 808 2070 841 frontalem

245 856 387 888 mediam
413 864 445 887 et
469 858 615 889 taeniam
640 857 845 896 srontalem,
870 864 903 888 et
926 859 1042 897 pedum
1068 859 1259 900 spuriorum
1284 857 1394 889 ultimi
1418 859 1508 898 paris
1531 859 1634 891 forma
1657 866 1689 891 et
1712 860 1842 899 modus,
1868 870 1930 900 quo
1953 858 2068 891 horum

244 907 376 939 articuli
398 909 488 939 inter
510 919 546 940 se
571 911 745 951 conjuncti
770 911 849 942 sint.
884 909 959 941 Hae
983 911 1071 941 enim
1097 913 1209 949 partes
1233 910 1267 940 in
1291 911 1396 941 variis
1420 911 1597 952 speciebus
1621 912 1733 943 varias
1762 911 1907 942 induunt
1930 911 2069 950 formas,

244 970 326 999 quae
350 959 511 992 facillime
536 962 635 992 certis
661 963 772 993 verbis
798 961 944 993 describi
970 969 1119 1003 possunt.
1176 961 1276 993 Ratio
1307 973 1437 1002 quoque
1460 962 1568 994 ultimi
1593 969 1625 994 et
1647 962 1826 1003 penultimi
1850 969 2068 996 antennarum
2115 962 2121 964 ”

243 1010 374 1042 articuli
399 1011 569 1043 nonnullis
594 1014 628 1044 in
653 1013 828 1053 speciebus
852 1014 995 1045 forsitan
1020 1013 1140 1045 bonam
1164 1014 1302 1053 praebet
1325 1020 1447 1046 notam.

401 1082 440 1112 Α.
488 1080 677 1114 Abdominis
700 1083 861 1124 cingulum
883 1083 1023 1114 ultimum
1046 1085 1232 1124 triquetrum
1255 1082 1345 1122 apice
1368 1087 1471 1113 acuto.

760 1195 793 1220 1.
833 1193 1171 1221 Arnnadsslidium
1200 1193 1360 1228 Grnbil,
1396 1203 1455 1220 nov.
1476 1203 1547 1228 spec.

364 1261 469 1302 Caput
504 1266 554 1295 ter
590 1263 710 1302 latius,
745 1274 840 1303 quam
870 1263 1015 1305 longius.
1073 1263 1260 1295 Processus
1290 1262 1446 1295 frontalis
1476 1264 1604 1294 medius
1637 1273 1744 1304 paene
1774 1264 1948 1305 angustior
1971 1275 2066 1304 quam

241 1314 339 1344 tertia
368 1313 493 1345 frontis
517 1325 609 1355 pars,
635 1316 747 1346 taenia
770 1315 910 1347 frontali
936 1317 1009 1355 ipsa
1033 1315 1188 1352 effectus,
1214 1326 1312 1354 supra
1336 1316 1539 1354 prominens·
1574 1314 1704 1347 Taenia
1728 1315 1883 1346 frontalis
1898 1315 2067 1356 paululum

239 1365 373 1397 sinuata
387 1367 579 1406 sensimque
603 1378 810 1398 evanescens
834 1377 1025 1408 aprocessu
1049 1366 1187 1398 frontali
1211 1367 1251 1397 ad
1276 1366 1418 1409 angulos
1443 1367 1564 1408 capitis
1587 1365 1745 1398 laterales
1769 1367 1908 1406 recedit,
1935 1368 1970 1398 in
1994 1368 2065 1409 qui-

241 1416 300 1447 bus
325 1416 414 1448 oculi
439 1417 554 1450 ovales
577 1419 634 1451 siti
660 1425 747 1451 sunt.
796 1419 983 1450 Processus
1008 1418 1173 1450 frontales
1203 1418 1365 1450 laterales
1390 1418 1595 1455 mediocres,
1632 1419 1782 1460 margine
1818 1419 1989 1460 superiore
2012 1429 2066 1448 ro-

240 1469 386 1500 tundato.
434 1469 665 1502 Antennarum
690 1472 851 1503 articulus
877 1470 1082 1513 penultimus
1108 1481 1300 1511 perparvus.
1327 1468 1451 1501 Annuli
1465 1468 1623 1501 thoracici
1638 1469 1864 1511 primianguli
1878 1470 2065 1501 anteriores

239 1521 343 1552 fronti
368 1523 576 1560 prominent,
600 1534 685 1564 quae
711 1534 764 1554 res
790 1522 882 1554 nulla
906 1524 941 1554 in
966 1522 1034 1553 alia
1057 1523 1171 1564 specie
1195 1523 1373 1563 reperitur.
1399 1521 1541 1563 Cingula
1566 1521 1762 1552 annulorum
1786 1520 1933 1553 dorsalia
1957 1527 2064 1553 trans-

238 1582 336 1603 verse
360 1572 458 1605 valde
482 1585 633 1605 convexa
658 1581 734 1606 sunt
758 1582 790 1607 et
815 1574 958 1606 altitudo
982 1575 1130 1614 corporis
1155 1575 1189 1604 in
1205 1574 1342 1605 seminis
1355 1573 1425 1604 fere
1436 1576 1576 1612 'quatuor
1588 1580 1699 1613 partes
1713 1572 1903 1604 latitudinis
1918 1572 2063 1604 conficit.

359 1633 476 1676 Margo
500 1635 648 1673 posticus
674 1635 799 1676 cinguli
824 1634 984 1667 thor-acici
1011 1635 1121 1666 ultimi
1156 1644 1260 1673 paene
1296 1634 1453 1664 continuo
1489 1632 1599 1665 flexus
1630 1640 1662 1665 et
1687 1632 1821 1675 angulis
1849 1628 2061 1674 processuum

238 1683 426 1716 lateralium
454 1687 525 1716 basi
550 1690 730 1717 retrorsum
746 1687 1010 1726 prominentibus
1024 1687 1203 1717 destitutus
1218 1692 1279 1717 est.
1305 1685 1419 1725 ltaque
1435 1685 1623 1716 abdominis
1649 1686 1711 1716 duo
1736 1684 1852 1716 annuli
1875 1685 2063 1716 anteriores

238 1737 364 1775 minus,
389 1747 483 1777 quam
508 1738 540 1768 in
566 1739 689 1769 ceteris
715 1738 905 1777 speciebus,
933 1737 1139 1769 occuluntur.
1188 1737 1344 1768 Ceterum
1369 1737 1533 1768 abdomen
1560 1738 1667 1768 forma
1692 1738 1779 1768 ovali
1806 1742 1856 1767 est
1885 1738 1918 1766 et
1947 1737 2061 1767 annuli

238 1792 309 1827 ejus
333 1789 380 1818 ita
405 1790 529 1819 arcuati
554 1796 647 1828 sunt,
683 1796 717 1820 ut
742 1791 916 1829 penultimi
940 1789 1055 1821 annuli
1082 1800 1195 1831 margo
1220 1790 1382 1828 posterior
1405 1799 1471 1820 non
1486 1789 1750 1820 semicirculatus
1782 1789 1841 1826 sit,
1867 1788 1923 1818 sed
1950 1791 2062 1827 partes

238 1841 310 1880 ejus
336 1839 495 1871 laterales
523 1852 593 1872 cum
621 1842 729 1873 media
753 1847 845 1881 parte
869 1841 1011 1883 angulos
1037 1842 1174 1871 obtusos
1199 1845 1413 1881 componant.
1472 1841 1636 1871 Ultimum
1671 1840 1862 1871 abdominis
1893 1840 2060 1881 cingulum

238 1893 450 1931 triquetrum,
475 1891 548 1924 basi
572 1902 661 1924 recta
687 1893 810 1923 annulo
835 1893 1018 1932 penultimo
1044 1894 1223 1931 insertum,
1248 1893 1342 1933 apice
1367 1899 1475 1924 acuto,
1502 1892 1620 1923 Pedum
1643 1892 1826 1931 spuriorum
1847 1891 1954 1922 ultimi
1969 1892 2060 1932 paris

236 1943 393 1974 articulus
420 1943 544 1974 hasulis
570 1944 703 1984 oblique
729 1952 914 1984 truncatus,
940 1944 1052 1976 finalis
1077 1945 1229 1977 exterior
1254 1944 1530 1986 quadrangularis
1555 1948 1589 1976 et
1613 1944 1745 1975 articuli
1771 1942 1895 1974 basalis
1919 1943 2059 1984 margini

236 1994 370 2035 obliquo
395 1996 556 2033 insertus3
582 1996 739 2028 articulus
764 1995 877 2027 finalis
902 1998 1045 2028 interior
1069 1996 1267 2038 styliformis
1292 1996 1496 2038 marginibus
1522 1995 1701 2036 parallelis,
1755 1994 1903 2036 Spatium
1936 1995 2058 2035 margi-

237 2046 331 2077 nibus
358 2048 532 2088 penultimi
558 2056 590 2079 οι
615 2047 724 2080 ultimi
749 2048 873 2089 cinguli
900 2050 1108 2089 interjectum
1132 2047 1274 2088 pedibus
1300 2050 1423 2088 spuriis
1449 2050 1586 2080 minime
1611 2048 1773 2087 expletur.

352 2106 551 2147 Superficies
577 2115 682 2139 testae
707 2109 840 2138 omnino
864 2108 985 2145 laevis,
1011 2108 1130 2149 ubique
1155 2109 1266 2140 colore
1279 2108 1592 2150 griseo-brunneo;
1617 2114 1715 2147 caput
1735 2106 1840 2137 tribus
1855 2106 1993 2138 maculis
2019 2117 2055 2136 ex

235 2159 345 2189 albido
369 2159 627 2191 flavescentibus
655 2164 820 2197 notatum3
855 2167 1022 2192 antennae
1057 2168 1089 2191 et
1114 2171 1290 2200 processus
1326 2160 1487 2191 frontales
1519 2159 1676 2192 laterales
1710 2158 2056 2200 albida-ma1·ginati;

235 2210 318 2241 oculi
345 2212 563 2252 nigricantes3
589 2211 736 2242 thoracis
761 2211 875 2244 annuli
901 2212 1106 2254 marginibus
1132 2220 1164 2244 et
1181 2213 1391 2252 processibus
1411 2211 1606 2243 lateralibus
1620 2209 2055 2242 flavescentibusinstructi.

235 2262 336 2301 l'ropc
359 2264 492 2294 dorsum
518 2265 658 2294 medium
684 2271 715 2294 et
740 2275 837 2303 supra
862 2266 957 2296 basin
983 2275 1193 2303 processuum
1219 2264 1406 2295 lateralium
1433 2268 1576 2306 quatuor
1600 2262 1802 2294 macularum
1829 2261 1976 2302 ejusdem
2004 2272 2054 2290 co-

234 2312 315 2344 loris
340 2316 443 2345 series
470 2316 691 2354 reperiuntur-3
716 2317 856 2355 spatium
883 2317 1038 2355 denique,
1064 2316 1192 2347 duabus
1217 2315 1420 2346 macularum
1446 2315 1595 2346 seriebus
1620 2315 1789 2353 utriusqut¹
1813 2313 1927 2343 lateris
1954 2314 2054 2343 inter-

230 2366 372 2403 jectum,
397 2366 535 2397 maculis
561 2368 631 2397 sive
655 2369 766 2405 parvis
792 2367 890 2398 lineis
914 2367 1170 2398 flavescentibus
1195 2375 1358 2399 ornatum.
1397 2366 1571 2399 Abdomen
1595 2365 1698 2398 simili
1725 2365 1817 2396 modo
1841 2364 2052 2395 maculatum.

234 2434 273 2437 -
300 2417 490 2458 Longitudo
514 2422 533 2450 4
558 2420 632 2459 lin„
659 2418 797 2452 latitudo
824 2421 886 2458 1‚5
914 2420 969 2451 lin.
994 2418 1159 2458 paululum
1186 2426 1328 2458 superat.
