2193 2832
1164 142 1219 178 26

279 229 357 262 bata
381 236 449 270 est,
478 229 555 262 lobo
579 232 724 262 externo
746 229 817 262 lato
840 235 874 261 et
895 229 1092 263 semilunari
1116 237 1150 263 et
1173 233 1316 273 quinque
1339 234 1422 266 setis
1445 233 1585 275 pilisque
1609 233 1736 275 obsito,
1759 237 1892 270 interno
1914 241 2097 275 semiovato

280 289 312 313 et
335 289 462 323 septem
485 283 568 314 setis
591 283 766 316 instructo.
791 282 919 314 Omnes
942 282 1005 315 hae
1028 289 1120 315 setae
1143 283 1388 325 inarticulatae,
1412 285 1582 325 plumosae
1594 296 1796 330 prorsusque
1807 288 1994 329 pellucidae
2007 300 2095 326 sunt.

394 333 562 366 Valvulae
585 333 773 366 abdominis
798 342 892 377 tergo
916 335 1039 366 arctius
1063 335 1228 380 adjacent,
1252 347 1346 377 quam
1365 344 1406 369 ut
1429 338 1600 378 proprium
1624 338 1667 368 iis
1691 349 1802 371 cavum
1824 341 1869 372 ad
1893 353 1955 375 ova
1978 345 2096 384 recipi—

279 385 364 417 enda
387 392 420 417 et
442 386 645 418 reservanda
668 388 899 427 interpositum
923 387 983 426 sit,
1012 398 1112 427 quare
1135 387 1187 420 illi
1210 399 1404 429 processus,
1433 390 1488 430 qui
1510 388 1664 430 plurimis
1686 391 1722 422 in
1745 391 1916 434 Daphniis
1938 395 1974 426 in
1997 394 2099 428 abdo-

278 438 367 468 mine
392 438 450 468 siti
474 444 550 468 sunt
574 444 606 469 et
631 438 714 470 illud
737 450 851 471 cavum
878 437 1088 479 concludunt,
1111 440 1147 471 in
1170 450 1293 481 genere
1317 441 1398 473 Sida
1422 452 1488 473 non
1512 442 1738 474 inveniuntur.
1784 444 1914 476 Tamen
1938 447 1972 477 in
1991 446 2097 479 latere

278 495 416 528 utroque
446 488 617 522 abdomini
645 497 677 522 et
706 491 847 523 valvulis
877 492 1056 533 interjecta
1083 491 1147 524 duo
1176 503 1240 524 ova
1268 503 1366 534 saepe
1397 495 1619 534 reperiuntur.
1668 494 1767 526 Certo
1797 506 1925 537 quoque
1948 503 2097 538 tempore

277 540 470 581 ephippium
495 552 624 584 quoque
646 550 681 573 ut
704 544 739 574 in
764 543 931 583 Daphniis
955 544 1142 577 invenitur..
1166 543 1337 577 Articulus
1360 545 1563 586 penultimus
1587 545 1773 578 abdominis
1797 549 1978 587 posteriore
2002 556 2096 589 parte

276 591 403 624 duobus
427 594 637 632 processibus
662 596 786 626 conicis
812 596 960 635 satisque
985 597 1107 626 crassis
1132 596 1317 629 instructus
1341 604 1402 636 est,
1427 609 1566 639 quorum
1589 599 1737 637 apicibus
1762 598 1847 630 duae
1872 607 1965 631 setae
1976 599 2097 643 longae

276 651 309 674 et
332 643 577 685 biarticulata'e,
601 646 739 678 articulo
763 646 870 679 altero
894 647 1079 689 cylindrico
1103 650 1137 679 et
1160 647 1258 685 laevi,
1283 648 1391 681 altero
1415 649 1518 681 multo
1541 651 1696 681 tenuiore.
1717 657 1749 681 et
1763 650 1925 690 plumoso,
1948 652 2095 684 insertae

276 702 363 728 sunt.
410 695 556 729 Ultimus
586 699 725 738 denique
754 698 942 731 abdominis
971 701 1113 732 annulus
1143 710 1209 731 non
1239 707 1274 731 ut
1302 702 1336 732 in
1361 700 1531 742 Daphniis
1561 702 1745 733 introrsum
1777 702 1922 734 inflexus
1947 709 2014 750 est,
2038 705 2096 736 sed

276 746 408 788 oblique
438 755 470 779 et
500 756 590 780 retro
618 751 796 792 porrigitur
826 753 1069 792 maximamque
1098 759 1226 792 partem
1256 763 1274 784 e
1303 758 1392 784 testa
1421 753 1596 792 prominet.
1643 754 1767 785 Forma
1797 756 1869 795 ejus
1894 755 2011 787 conica
2034 762 2095 792 est,

273 798 469 838 superficies
492 803 664 840 posterior
686 802 814 834 duabus
839 803 986 835 dentium
1011 804 1177 844 seriebus,
1201 805 1399 836 extremitas
1422 809 1534 837 autem
1558 805 1685 836 duobus
1709 805 1886 848 unguibus,
1912 808 1969 848 qui
1991 806 2096 839 validi

273 856 306 880 et
329 852 512 890 posteriore
537 860 629 892 parte
652 854 836 886 minoribus
860 854 1014 886 dentibus
1038 856 1195 887 instructi
1218 863 1307 897 sunt,
1331 863 1462 888 armata
1486 863 1548 889 est.

387 903 531 942 Propter
559 916 713 947 magnam
744 907 891 946 corporis
920 906 1181 946 pelluciditatem
1210 902 1345 940 interna
1373 919 1503 950 quoque
1527 919 1651 958 organa
1674 908 1758 940 bene
1782 910 1924 949 perspici
1947 917 2095 950 possunt.

272 951 473 986 Intestinum
503 957 789 997 simplicissimum
818 964 854 990 ut
882 959 916 990 in
943 958 1109 998 Daphniis
1137 966 1230 991 recta
1259 961 1314 991 via
1342 959 1504 991 abdomen
1528 961 1709 1000 percurrit,
1741 960 1961 1002 compluribus
1985 968 2094 994 autem

272 1004 385 1045 rebus,
410 1010 609 1048 praesertim
635 1010 744 1041 cordis
769 1011 1015 1043 constructione
1038 1009 1119 1042 Sida
1141 1023 1161 1044 a
1183 1011 1367 1054 generibus
1386 1010 1545 1043 affinibus
1569 1012 1690 1045 differt.

907 1147 1003 1176 Sida
1033 1148 1278 1182 crystallina
1313 1150 1460 1176 STRAUS.

443 1220 548 1246 Milne
567 1221 744 1253 Edwards,
771 1222 836 1248 hist.
856 1224 882 1249 d.
902 1227 988 1249 crust.
1008 1224 1056 1249 ΙΙΙ.
1075 1232 1102 1256 p.
1120 1221 1182 1250 385.
1209 1237 1243 1242 —-
1270 1223 1401 1258 Daphnia
1419 1217 1580 1258 ciystallina
1616 1225 1749 1257 muller,
1768 1226 1982 1252 Entomostraca
2009 1234 2034 1259 p.
2053 1223 2095 1252 96.

270 1263 323 1290 tab.
345 1261 385 1289 14.
406 1263 453 1296 lig.
473 1262 550 1289 1-4.

385 1313 691 1354 Cephalothoracis
715 1327 791 1356 pars
816 1318 968 1356 superior
991 1323 1025 1349 et
1049 1318 1196 1349 anterior
1219 1329 1372 1350 convexa
1395 1325 1428 1350 et
1452 1319 1597 1351 rotunda
1620 1325 1683 1359 est,
1707 1318 1847 1350 inferior
1863 1318 1933 1350 lata
1951 1325 1983 1350 et
1996 1319 2096 1359 plana

269 1366 323 1398 vel
345 1366 515 1407 paululum
541 1377 688 1400 concava
711 1369 745 1399 in
770 1375 913 1400 rostrum
937 1376 1062 1401 rectum
1088 1376 1120 1401 et
1144 1376 1276 1402 acutum
1301 1378 1334 1402 et
1357 1371 1441 1402 satis
1464 1372 1656 1411 prominens
1680 1369 1759 1402 abit.
1785 1371 1900 1403 Media
1923 1371 1957 1402 in
1982 1381 2094 1411 super-

269 1417 346 1449 ficie
369 1420 539 1458 superiore
562 1417 654 1450 locus
679 1419 789 1452 editus
813 1422 992 1452 invenitur.
1023 1420 1163 1462 Oculus,
1187 1422 1222 1453 in
1246 1422 1369 1464 angulo
1393 1424 1558 1454 anteriore
1583 1430 1615 1453 et
1637 1422 1796 1454 inferiore
1810 1421 2094 1461 cephalothoracis

269 1470 372 1509 situs,
403 1471 633 1513 magnitudine
663 1478 811 1513 praestat
843 1479 876 1504 et
907 1474 981 1506 coni
1005 1476 1078 1515 eJus
1101 1474 1201 1505 vitrei
1224 1485 1242 1506 e
1264 1475 1433 1516 pigmento
1455 1474 1556 1516 longe
1580 1475 1779 1514 prominent.
1823 1472 1960 1505 Macula
1983 1480 2094 1506 autem

269 1522 379 1563 nigra,
404 1532 488 1562 quae
511 1522 545 1553 in
571 1522 739 1563 Daphniis
763 1531 796 1555 et
819 1524 969 1566 Lynceis
992 1532 1069 1565 post
1093 1526 1225 1560 oculum
1247 1527 1420 1566 reperitur,
1447 1527 1581 1558 omnino
1605 1526 1725 1558 abesse
1748 1526 1887 1557 videtur.
1917 1525 2093 1557 Antennae

268 1574 415 1604 minores
439 1574 544 1605 rost-ri
566 1575 701 1617 utrique
724 1575 826 1608 lateri
849 1578 1013 1617 insertae,
1037 1577 1313 1616 uniarticulatae,
1341 1578 1545 1620 cylindricae
1568 1579 1622 1611 vel
1648 1578 1708 1609 sub
1733 1579 1859 1617 apicem
1882 1576 2016 1617 paulum
2037 1577 2092 1609 in-

269 1632 438 1656 crassatae
469 1625 584 1668 ibique
615 1627 842 1669 compluribus
872 1629 949 1668 pilis
979 1630 1158 1671 parvisque
1187 1631 1270 1662 setis
1299 1631 1485 1663 instructae
1514 1636 1601 1662 sunt.
1646 1630 1676 1661 A
1707 1636 1798 1671 tergo
1822 1631 1914 1661 visus
1939 1629 2092 1670 cephalo·

268 1676 389 1708 thorax
412 1679 591 1720 pentagoni
614 1679 686 1710 fere
710 1680 816 1711 forma
840 1688 902 1713 est.
926 1699 968 1704 --
991 1681 1101 1714 Parva
1123 1683 1299 1721 impressio
1322 1683 1410 1713 inter
1433 1682 1741 1722 cephalothoracem
1768 1688 1800 1712 et
1823 1681 1986 1713 valvulas.
2010 1680 2091 1712 Val-

268 1727 366 1760 vulae
389 1740 495 1769 paene
518 1731 815 1772 quadrangulares,
840 1734 990 1775 margine
1014 1744 1137 1776 supero
1162 1733 1333 1775 paululum
1359 1745 1522 1774 convexo,
1546 1735 1674 1774 postico
1688 1735 1842 1765 subrecto
1855 1732 1907 1765 vel
1921 1732 2089 1772 paululum

268 1781 417 1820 sinuato,
445 1781 553 1812 infero
578 1791 685 1823 recto,
710 1783 843 1825 angulis
867 1784 995 1817 obtusis
1020 1792 1052 1817 et
1075 1786 1273 1818 rotundatis.
1320 1786 1360 1818 In
1383 1786 1505 1828 angulo
1529 1787 1712 1826 posteriore
1735 1791 1768 1816 et
1792 1785 1954 1824 inferiore
1977 1795 2089 1816 nmero

242 1827 245 1830 ’
268 1843 387 1873 parvus
412 1838 445 1863 et
467 1834 501 1864 in
526 1836 675 1876 margine
696 1836 857 1868 inferiore
880 1837 996 1869 dentes
1021 1837 1231 1869 subtilissimi
1255 1837 1360 1870 oculis
1385 1839 1523 1869 armatis
1549 1838 1806 1878 conspiciuntur.
1843 1837 1971 1876 Corpus
1995 1835 2088 1867 elon-

266 1890 390 1925 gatum,
415 1895 433 1915 a
457 1884 617 1917 lateribus
642 1897 877 1928 compressum,
900 1890 1046 1920 maxima
1069 1890 1297 1932 pelluciditate
1320 1897 1477 1930 praestat.
1513 1891 1620 1921 Pedes
1644 1887 1855 1920 branchiales
1880 1887 1978 1929 longe
2001 1888 2087 1919 inter

267 1945 303 1966 se
327 1938 456 1975 remoti,
481 1936 592 1969 colore
615 1945 692 1970 sunt
715 1939 941 1974 subcaeruleo.
972 1941 1198 1986 Longitudine
1221 1941 1347 1974 animal
1371 1944 1389 1975 1
1414 1942 1537 1974 lineam
1561 1940 1658 1981 paulo
1681 1947 1827 1980 superat.

381 1988 517 2020 Animal
549 1989 807 2023 subtilissimum
832 1998 883 2023 est
907 1999 939 2023 et
961 1993 996 2024 in
1020 1994 1128 2025 vitreo
1152 2001 1356 2025 reservatum
1381 2005 1461 2026 mox
1484 1994 1581 2034 perit·
1628 1993 1900 2024 Fortissimarum
1923 1997 2085 2022 antenna-

266 2050 338 2070 rum
361 2050 423 2079 ope
448 2043 577 2083 magnis
603 2042 743 2074 saltibus
768 2054 828 2084 per
850 2055 968 2084 aquam
992 2045 1109 2078 fertur.
1155 2046 1355 2085 Quiescens,
1378 2052 1414 2077 ut
1433 2047 1501 2087 jam
1527 2045 1718 2076 observavit
1740 2043 1954 2082 Miillerus,
1979 2042 2085 2082 capite

265 2091 422 2123 deorsum
445 2103 542 2124 verso
566 2101 599 2125 et
621 2097 778 2126 antennis
802 2098 963 2137 porrectis
986 2098 1083 2129 vitrei
1106 2099 1226 2137 parieti
1249 2097 1534 2140 cephalothoracis
1559 2097 1726 2136 superiore
1750 2102 1846 2136 parte
1870 2094 2029 2126 adhaeret
2052 2096 2085 2123 et

265 2143 431 2174 interdum
456 2151 521 2177 tam
544 2153 636 2178 arcte
660 2157 697 2178 se
721 2146 849 2189 affigit,
880 2155 915 2180 ut
934 2152 1005 2190 jam
1028 2156 1192 2181 mortuum
1217 2149 1278 2181 hoc
1301 2151 1335 2180 in
1360 2149 1427 2180 situ
1450 2155 1629 2182 remaneat.
1665 2166 1706 2171 -—
1744 2146 1923 2188 Daphniae
1947 2154 2083 2186 quoque,

266 2196 373 2235 capite
402 2197 533 2235 quidem
564 2205 690 2238 erecto,
724 2200 825 2232 vitrei
853 2201 973 2242 parieti
997 2207 1090 2242 tergo
1113 2201 1311 2240 adhaerent,
1347 2212 1407 2232 nec
1431 2202 1516 2241 scio,
1555 2210 1689 2241 quorum
1714 2208 1910 2241 organorum
1935 2206 1997 2236 ope
2021 2195 2083 2227 hoc

265 2245 440 2279 efficiatur.

379 2299 418 2331 In
442 2301 557 2332 eadem
582 2312 666 2342 aqua
689 2314 727 2339 ac
750 2302 909 2343 Daphnia
933 2302 1121 2345 bracliyura
1144 2303 1272 2336 habitat
1296 2310 1328 2334 et
1353 2304 1547 2345 praesertim
1571 2304 1631 2335 sub
1657 2303 1756 2335 finem
1781 2301 1918 2335 aestatis
1937 2301 2080 2341 reperiri

265 2350 404 2383 videtur.
451 2353 621 2386 Animalia
644 2362 771 2395 autem,
795 2355 952 2398 ephippio
975 2357 1150 2394 instructa,
1178 2366 1255 2387 vere
1278 2356 1404 2389 inveni.
