2193 2832
983 119 1028 151 11

677 201 971 245 Genus
1035 201 1336 246 Jaera.

761 298 891 325 Jaern
917 297 1111 331 Kroyerit
1149 299 1254 325 EDW.

277 379 378 404 lmine
397 379 558 403 Edwards
577 379 594 402 l.
614 384 637 401 c.
656 377 705 401 111.
724 384 750 408 p.
769 374 828 401 149.

223 429 327 468 Caput
357 428 458 459 multo
482 427 582 458 latius
608 438 704 467 quam
728 426 861 468 longius
886 433 919 457 et
943 426 1148 468 marginibus
1171 427 1367 459 lateralibus
1393 427 1534 469 obliquis
1556 430 1590 461 in
1614 431 1796 470 posteriore
1818 438 1912 472 parte

106 480 206 511 iatius
229 479 351 510 factum
377 486 439 518 est,
465 479 498 509 in
522 478 631 509 medio
657 485 763 509 autem
789 478 949 519 marginis
974 479 1096 517 postici
1121 480 1155 510 in
1179 485 1304 519 partem
1328 478 1431 510 multo
1444 482 1666 521 angustiorem
1680 488 1712 513 et
1725 481 1913 514 tubulosam

106 531 257 572 colloque
282 541 345 561 non
371 529 565 561 dissimilem
589 529 673 568 abit,
700 529 750 560 cui
777 530 901 568 primus
926 528 1072 560 thoracis
1098 531 1240 562 annulus
1265 532 1409 562 insertus
1434 537 1494 564 est.
1540 526 1661 573 Margo
1685 535 1800 574 capitis
1825 535 1913 565 anti-

105 591 161 613 cus
186 588 218 613 et
241 583 274 612 in
299 581 457 613 lateribus
481 585 514 612 et
536 582 570 611 in
595 581 704 611 medio
728 581 761 611 in
786 589 961 619 processus
985 582 1147 621 procedit,
1185 582 1243 613 sed
1266 582 1380 614 horum
1405 582 1578 623 longitudo
1601 585 1702 615 variis
1726 587 1760 616 in
1785 587 1913 617 anima-

104 633 192 664 libus
215 634 310 664 valde
335 634 453 664 variat.
501 632 730 663 Antennarum
754 631 948 662 inferiorum
973 636 1112 662 truncus
1137 635 1282 674 rejectus
1307 634 1486 665 secundum
1499 634 1568 665 fere
1582 634 1730 667 thoracis
1745 637 1914 675 annulum,

106 683 270 726 flagellum
301 691 409 715 autem
438 682 530 714 illum
560 683 768 724 longitudine
798 681 895 721 duplo
924 692 1082 721 superans
1115 694 1220 722 paene
1244 684 1405 716 abdomen
1431 686 1574 727 attingit.
1620 686 1795 718 Antennae
1819 699 1915 728 supe-

105 737 211 766 riores
240 735 431 766 inferiorum
465 741 578 765 trunco
610 744 740 774 semper
769 731 848 765 sunt
878 733 1060 767 breviores.
1103 753 1147 758 —
1193 735 1293 768 Oculi
1318 736 1457 776 elliptici
1480 743 1512 767 et
1536 737 1695 768 cancellis
1719 740 1914 779 praesertim

105 787 278 827 expressis
304 787 457 817 instructi
482 787 514 816 in
541 786 657 825 capitis
682 786 769 816 facie
794 785 964 826 superiore
987 786 1042 815 siti
1066 793 1153 819 sunt.
1198 804 1240 809 —
1285 787 1450 819 Thoracis
1476 788 1727 828 abdominisque
1750 790 1916 831 margines

105 845 138 868 et
167 838 265 877 pedes
294 837 404 879 pilosi.
451 837 621 867 Abdomen
651 848 670 867 a
699 837 773 867 basi
802 842 943 878 angusta
972 836 1082 867 subito
1112 836 1301 878 dilatatum,
1337 844 1403 868 tum
1435 845 1543 870 autem
1574 840 1613 870 ad
1637 841 1765 881 apicem
1790 841 1915 871 sensim

105 895 324 927 coarctatum,
357 887 460 919 latius
493 898 588 928 quam
618 888 760 928 longius,
796 888 890 928 apice
919 890 1136 929 emarginato.
1182 888 1357 920 Incisurae
1382 888 1443 920 hac
1466 901 1501 920 re
1526 890 1665 922 effectae
1688 891 1789 931 pedes
1813 893 1917 931 spurii

104 939 212 970 ultimi
240 940 329 978 paris
359 940 476 970 inserti
501 945 588 972 sunt.
634 939 761 969 Horum
786 938 945 970 articulus
969 938 1096 971 basalis
1121 939 1231 970 brevis
1256 946 1288 971 et
1312 939 1471 971 dilatatus
1495 947 1528 971 et
1551 942 1645 981 apice
1670 941 1802 982 oblique
1826 949 1915 974 trun-

105 987 287 1034 catus*est;
322 989 531 1021 articulorum
556 989 704 1020 finalium
730 990 869 1020 interior
892 990 1021 1030 quidem
1047 992 1214 1022 exteriore
1249 993 1358 1031 major
1392 998 1465 1030 est,
1500 993 1653 1032 perparvi
1686 1000 1796 1025 autem
1831 1004 1917 1026 mar-

105 1041 217 1082 gine'm
240 1042 404 1081 segmenti
429 1040 654 1072 abdoniinalis
678 1041 735 1070 vix
758 1047 915 1079 superant
939 1048 971 1072 et
994 1042 1086 1081 apice
1110 1042 1277 1073 rotundati
1302 1049 1335 1072 et
1359 1042 1459 1083 pilosi
1484 1049 1573 1076 sunt.

219 1090 312 1122 Haec
342 1092 517 1130 animalia,
552 1091 656 1123 adhuc
684 1092 717 1122 in
748 1091 918 1123 littoribus
947 1096 1075 1124 tantum
1105 1092 1358 1134 Francogalliae
1388 1093 1609 1124 occidentalis
1637 1101 1783 1135 reperta,
1812 1097 1848 1127 in
1877 1107 1917 1128 ea

105 1143 206 1174 maris
231 1145 341 1183 parte,
376 1153 458 1182 quae
480 1143 675 1184 „Putziger
697 1141 846 1182 Wyck“
868 1142 921 1173 vel
945 1154 965 1174 a
988 1143 1209 1184 piscatoribus
1233 1143 1331 1185 vulgo
1355 1144 1436 1182 „die
1459 1142 1573 1175 kleine
1597 1144 1692 1175 See“
1716 1146 1915 1186 nominatur,

106 1204 172 1225 non
201 1194 310 1233 procul
343 1205 362 1224 a
391 1194 463 1224 vico
492 1193 607 1225 Rewal
635 1204 702 1225 una
731 1204 803 1224 cum
835 1192 949 1225 inultis
978 1194 1102 1227 Asellis
1133 1195 1268 1226 offendi.
1327 1193 1517 1231 Quietiores
1546 1195 1649 1237 igitur
1676 1198 1776 1228 maris
1804 1204 1916 1237 partes

95 1255 263 1285 ,quaerere
292 1245 444 1276 videntur
473 1251 504 1275 et
534 1245 567 1274 in
596 1245 683 1276 sucis
714 1244 854 1284 aliisque
882 1245 1006 1284 plantis
1036 1247 1172 1277 marinis
1196 1247 1322 1278 vivunt.
1370 1245 1489 1277 Colore
1514 1253 1546 1277 et
1569 1242 1796 1289 magnitudine
1819 1248 1916 1280 valde

104 1296 193 1326 inter
223 1305 258 1326 se
289 1297 431 1328 variant.
477 1296 628 1326 Maxima
660 1306 786 1332 eorum,
822 1306 904 1335 quae
933 1297 1063 1334 inveni,
1098 1307 1196 1328 unam
1220 1296 1343 1327 lineam
1368 1304 1401 1327 et
1423 1298 1592 1329 dimidiam
1616 1299 1676 1330 vix
1700 1307 1858 1341 superant
1881 1304 1917 1332 et

103 1346 247 1377 feminae
271 1353 365 1387 sunt,
398 1346 508 1378 colore
531 1345 660 1386 albido,
690 1348 762 1378 ovis
785 1346 947 1379 viridibus
972 1353 1126 1385 onustae3
1161 1347 1229 1379 alia
1252 1349 1380 1380 minora
1402 1348 1455 1379 vel
1479 1347 1627 1381 brunnea
1655 1348 1709 1381 vel
1737 1350 1832 1392 nigra
1861 1351 1915 1382 vel

104 1397 197 1428 varie
221 1396 388 1430 maculata
411 1398 672 1437 reperiebantur.

562 1505 859 1549 Genus
935 1477 1455 1552 Parce-llio.

277 1603 391 1629 MILNE
411 1602 597 1630 EDWARDS
616 1606 634 1629 1.
652 1611 675 1628 c.
696 1604 746 1628 111.
766 1612 791 1636 p.
811 1602 871 1630 165.
898 1615 933 1622 —
960 1605 1104 1630 BRANDT
1123 1613 1150 1631 u.
1168 1590 1392 1631 RATZ'EBURG
1411 1606 1510 1631 Medic.
1529 1606 1676 1639 zoologle.
1695 1607 1744 1632 Bd.
1766 1606 1804 1633 11.
1825 1614 1851 1639 p.
1871 1606 1911 1632 77.

690 1697 722 1722 1.
756 1696 963 1724 Pon-cellit)
982 1696 1119 1732 plotus
1145 1700 1256 1725 BRAN
1262 1700 1285 1725 D
1293 1700 1322 1724 Τ.

275 1775 400 1800 Brundi:
419 1776 475 1800 und
493 1775 697 1806 Ratzeburg
719 1776 737 1799 l.
757 1782 780 1799 c.
799 1782 826 1806 p.
845 1774 889 1802 78.

219 1822 258 1854 In
293 1823 386 1856 cellis
421 1825 586 1865 murisque
621 1824 703 1856 haec
738 1825 864 1865 species
900 1826 1046 1857 omnium
1080 1826 1269 1858 nostratum
1305 1825 1556 1859 Porcellionum
1589 1827 1734 1858 maxime
1768 1825 1912 1868 vulgaris

105 1883 178 1906 esse
202 1874 348 1908 videtur.

639 1943 674 1970 2.
709 1944 916 1972 Pol-tellio
936 1944 1176 1973 trilineatus
1194 1944 1239 1977 (2)
1259 1946 1379 1972 KOCH.

276 2020 382 2052 Koch,
402 2021 604 2047 Dcutschlands
624 2023 810 2054 Crustaceen,
829 2023 1013 2055 Myriapoden
1034 2026 1088 2050 und
1106 2025 1292 2050 Arachniden.
1329 2024 1410 2049 Fasc.
1432 2022 1474 2049 34.
1493 2024 1553 2057 mg.
1573 2020 1598 2048 9.
1633 2035 1666 2041 -
1701 2022 1733 2049 Ρ.
1761 2022 1912 2048 Ratzebur-

106 2060 150 2092 gii
178 2058 239 2090 (22)
264 2062 389 2088 Brandt
417 2064 590 2094 Conspectus
609 2066 824 2097 monographtae
844 2065 1058 2093 Crustaceorum
1077 2067 1287 2094 Onlscodorum.
1322 2068 1442 2093 Bulletin
1467 2070 1499 2093 de
1522 2070 1547 2092 la
1571 2065 1677 2092 societ&
1698 2068 1841 2098 imperiale
1863 2067 1912 2091 des

109 2106 290 2129 naturalistes
309 2106 342 2129 de
360 2107 484 2131 Moscou.
505 2108 579 2131 Tom.
597 2108 643 2132 VI.
663 2107 738 2133 1533.
758 2116 781 2139 p.
805 2107 864 2134 175.

223 2154 330 2194 Caput
358 2155 457 2196 duplo
488 2156 561 2187 fere
589 2157 689 2189 latius
714 2169 810 2198 quam
833 2157 983 2200 longius,
1012 2162 1125 2202 granis
1149 2161 1340 2201 imperfecte
1364 2160 1496 2191 seriatis
1521 2158 1684 2191 scabrum.
1731 2158 1911 2189 Processus

108 2204 268 2236 frontales
298 2205 454 2237 laterales
477 2208 596 2239 breves
628 2215 661 2238 et
692 2211 842 2250 angusti,
871 2210 1005 2251 oblique
1029 2212 1069 2243 ad
1091 2213 1197 2244 latera
1221 2212 1431 2250 secedentes,
1460 2212 1551 2250 apice
1574 2211 1747 2242 rotundato
1771 2208 1911 2248 (similes

107 2255 143 2287 P.
166 2258 272 2289 scabri
304 2259 540 2296 processibus).
594 2259 777 2292 Processus
807 2262 933 2293 medius
956 2262 1133 2294 latitudine
1156 2264 1263 2303 spatio
1287 2262 1391 2294 oculis
1415 2264 1591 2303 interjecto
1615 2260 1778 2300 aequalis,
1803 2261 1911 2291 minus

110 2315 203 2344 quam
227 2318 399 2346 processus
424 2309 580 2341 laterales
605 2313 810 2361 prominens,
841 2314 988 2354 margine
1012 2315 1180 2346 anteriore
1203 2325 1308 2354 paene
1332 2314 1507 2346 rotundato
1531 2313 1594 2353 (vel
1618 2313 1795 2351 triquetras
1819 2311 1912 2350 apice

111 2356 325 2392 obtusissimo
350 2368 382 2392 et
405 2362 604 2402 rotundato).
641 2363 767 2404 Corpus
791 2363 947 2407 oblongo·
951 2365 1057 2406 ovale,
1081 2365 1224 2399 thoracis
1251 2365 1382 2408 cingula
1407 2371 1595 2398 transverse
1617 2363 1744 2395 modice
1766 2367 1910 2398 arcuata,

1610 2415 1653 2446 23
