2193 2832
691 672 1317 761 BEGAPonA.

585 846 907 890 Genus
964 845 1431 888 Astacus.

735 950 910 978 Astacus
927 949 1142 978 fluviatilis
1160 951 1278 977 FABR-

316 1054 419 1080 nnlne
435 1054 600 1080 Edwards
625 1055 691 1080 hist.
710 1057 767 1080 nat.
785 1056 810 1080 d.
831 1055 925 1085 Crust.
945 1053 986 1080 11.
1005 1061 1032 1086 p.
1049 1052 1110 1080 330.

185 1106 328 1137 Astacus
353 1104 522 1136 fluviatilis
547 1104 698 1137 omnibus
722 1105 805 1136 satis
835 1107 933 1137 notus
961 1105 997 1136 in
1025 1105 1108 1136 rivis
1131 1104 1236 1136 totius
1260 1109 1397 1138 nostrae
1424 1101 1622 1142 provinciae
1651 1100 1788 1136 habitat.
1825 1099 1915 1134 Num

107 1155 216 1195 plures
240 1157 311 1197 eius
334 1156 515 1188 varietates
538 1157 761 1196 reperiantur,
785 1156 930 1188 nondum
953 1156 1037 1187 satis
1059 1155 1224 1197 quaesivi.

617 1264 915 1307 Genus
967 1263 1411 1316 (Ji-angon.

739 1367 936 1402 crangon
957 1366 1142 1402 vulgaris
1166 1369 1286 1397 FABR-

324 1472 427 1499 Mllne
445 1472 608 1499 Edwards
625 1474 643 1499 1.
662 1472 739 1503 c.‚11.
757 1479 784 1505 p.
801 1471 861 1498 341.

193 1522 233 1554 1n
261 1521 373 1555 littore
401 1523 501 1555 maris
529 1523 646 1556 baltici
675 1534 775 1565 prope
805 1523 980 1555 Gedanum
1015 1522 1168 1565 Crangon
1198 1521 1348 1565 vulgaris
1376 1521 1473 1555 valde
1495 1521 1653 1564 frequens
1677 1526 1739 1554 est.
1784 1519 1918 1553 Animal

107 1573 353 1616 longitudinem
376 1574 514 1608 duorum
537 1575 698 1616 pollicum
722 1574 822 1616 paulo
845 1581 972 1608 tantum
995 1581 1144 1616 superat.

579 1684 875 1728 Genus
931 1683 1448 1729 Palaemon.

258 1774 374 1802 mmai:
394 1775 578 1803 unwanus
597 1779 616 1802 1.
635 1785 658 1804 ο,
677 1777 717 1803 11.
736 1784 762 1809 p.
780 1774 842 1802 387.

683 1856 912 1884 Palaemon
929 1854 1186 1885 reetlrostrls
1203 1863 1262 1883 nov.
1281 1863 1353 1890 spec.

198 1931 354 1963 Rostrum
377 1942 397 1963 e
419 1931 529 1963 medio
553 1930 688 1962 thorace
712 1931 866 1962 exortum
889 1931 1074 1972 marginem
1099 1930 1302 1970 superiorem
1325 1935 1452 1961 rectum
1487 1933 1521 1960 et
1554 1932 1656 1959 totam
1684 1934 1745 1966 per
1775 1924 1920 1968 longitu-

114 1983 222 2014 dinem
244 1992 307 2015 sex
330 1981 382 2014 vel
407 1989 533 2022 septem
557 1980 711 2014 dentibus
735 1982 842 2013 acutis
866 1981 1010 2022 pilisque
1032 1982 1120 2013 inter
1142 1982 1259 2012 dentes
1283 1981 1402 2021 positis
1424 1981 1624 2012 instructum
1647 1976 1757 2009 habet.
1813 1976 1920 2009 Inter-

114 2033 187 2064 dum
211 2034 338 2073 quidem
362 2033 496 2066 ultimus
521 2044 631 2066 eorum
655 2034 740 2074 apici
764 2034 864 2065 rostri
887 2034 1138 2074 approximatus
1162 2039 1230 2073 est,
1252 2035 1363 2065 tamen
1386 2041 1476 2073 apex
1499 2039 1629 2074 semper
1646 2027 1802 2070 simplex.
1823 2027 1920 2061 Mar-

112 2094 154 2126 go
177 2085 276 2117 rostri
297 2086 437 2118 inferior
459 2085 533 2116 basi
556 2085 716 2124 profunde
740 2086 892 2123 excisus,
927 2086 1036 2117 medio
1069 2087 1223 2118 arcuatus
1256 2083 1430 2125 tribusque
1464 2081 1619 2115 dentibus
1645 2081 1829 2113 instructus
1857 2081 1920 2120 est.

114 2135 235 2167 Totum
259 2143 402 2169 rostrum
420 2137 626 2179 longitudine
638 2137 770 2169 dorsum
794 2136 939 2168 thoracis
963 2143 996 2168 et
1024 2135 1168 2168 laminas
1192 2142 1409 2168 antennarum
1432 2136 1635 2169 exteriorum
1653 2138 1781 2174 aequat.
1811 2130 1921 2164 Trun-

116 2197 173 2219 cus
196 2194 415 2219 antennarum
439 2189 641 2228 superiorum
666 2189 737 2220 sive
761 2190 959 2220 interiorum
982 2194 1089 2220 rostro
1112 2188 1248 2231 paululo
1272 2189 1419 2226 brevior3
1443 2188 1508 2219 duo
1530 2184 1665 2229 flagella
1691 2186 1816 2225 majora
1843 2192 1922 2225 gra-

115 2237 259 2279 cillima3
282 2238 450 2281 flagellum
474 2241 644 2272 minimum
680 2241 721 2272 ad
755 2242 886 2273 tertiam
921 2240 975 2272 vel
1011 2247 1157 2281 quartam
1186 2240 1406 2282 longitudinis
1435 2244 1561 2279 partem
1590 2237 1738 2269 maximo
1765 2234 1922 2267 adnatum

117 2291 235 2322 ceteris
258 2292 401 2325 crassius
423 2297 476 2324 est
498 2298 531 2323 et
553 2291 652 2331 paulo
675 2293 804 2333 quidem
827 2299 943 2324 trunco
967 2293 1090 2332 minus,
1113 2298 1226 2324 tamen
1249 2298 1392 2325 rostrum
1415 2290 1516 2333 longe
1539 2293 1673 2329 superat
1700 2292 1734 2318 et
1761 2286 1804 2317 ad
1825 2285 1922 2318 dimi-

117 2340 205 2372 dium
239 2341 310 2374 sere
343 2342 468 2384 flagelli
502 2344 601 2374 medii
635 2351 667 2375 et
700 2343 843 2377 solitarii
876 2344 1029 2384 pertinet.
1087 2345 1318 2376 Antennarum
1346 2343 1540 2376 inferiorum
1570 2338 1739 2382 flagellum
1760 2339 1922 2379 rejectum

117 2398 316 2430 postremam
341 2395 490 2437 eorporis
514 2396 763 2428 extremitatem
787 2396 932 2438 attingit.
974 2396 1095 2429 ·Primi
1124 2397 1215 2439 paris
1241 2395 1342 2436 pedes
1370 2395 1412 2428 ad
1438 2395 1568 2435 apicem
1594 2401 1703 2434 usque
1724 2389 1923 2424 laminarum

1643 2452 1664 2484 1
