2193 2832
989 120 1015 154 9

215 210 324 242 Pedes
351 208 444 241 tertii
471 214 504 239 et
533 208 640 248 quarti
668 207 757 248 paris
779 217 839 246 pro
861 206 1015 239 animalis
1038 209 1270 251 magnitudine
1291 211 1375 243 satis
1398 211 1501 244 fortes
1522 218 1616 251 sunt3
1649 215 1770 246 tertius
1793 227 1904 249 eorum

104 261 262 295 articulus
286 271 305 292 a
328 260 401 292 basi
426 259 466 290 ad
490 260 614 298 apicem
638 259 733 290 valde
756 257 913 290 dilatatus
937 266 970 291 et
991 270 1096 299 paene
1120 260 1337 300 obcordatus,
1361 270 1493 302 quartus
1518 265 1734 296 brevissimus
1758 273 1791 297 et
1812 275 1905 300 ante.

104 314 242 346 cedente
265 311 370 344 multo
394 312 566 353 angustior
588 316 649 349 est,
673 311 805 350 quintus
829 310 1026 343 subconicus
1049 322 1158 353 ungue
1181 314 1263 344 satis
1286 313 1368 345 sorti
1392 316 1596 349 terminatur.
1630 317 1803 358 Margines
1826 320 1905 350 arti-

104 367 250 398 culorum
275 363 393 404 postici
417 358 559 403 singulis
583 364 616 406 et
638 360 792 392 brevibus
816 361 894 400 pilis
916 362 1068 394 instructi
1092 369 1179 397 sunt.

216 415 343 447 Pedum
368 414 475 453 quinti
498 413 586 452 paris
610 411 770 443 articulus
793 413 916 452 primus
939 412 1064 445 lamina
1086 425 1206 456 magna
1229 420 1263 446 et
1287 414 1418 455 oblique
1441 415 1540 455 ovali‚
1562 417 1768 460 marginibus
1791 426 1825 451 et
1846 431 1904 452 an-

102 469 167 499 tico
191 473 224 498 et
245 465 374 506 postico
397 465 552 502 arcuatis,
576 471 693 495 auctus
716 470 783 501 est3
808 464 966 496 articulus
989 466 1120 505 quintus
1143 467 1416 498 antecedentibus
1439 467 1543 498 multo
1555 469 1713 509 gracilior
1723 477 1784 503 est.
1813 471 1906 504 Mar-

100 520 198 560 gines
224 517 302 558 pilis
332 515 472 558 singulis
501 522 534 546 et
562 515 715 547 brevibus
742 516 897 547 instructi
925 523 1011 549 sunt.
1057 517 1167 549 Ceteri
1196 518 1296 557 pedes
1320 518 1372 549 his
1396 518 1524 549 similes
1549 526 1642 559 sunt,
1667 522 1724 553 sed
1746 524 1907 562 posterior

103 570 239 610 quisque
263 569 428 600 anteriore
452 567 593 609 longior,
616 566 759 598 laminae
783 573 904 606 autem,
927 578 1010 608 quae
1032 569 1145 607 primis
1170 579 1280 601 eorum
1305 570 1454 602 articulis
1478 570 1604 622 affixae
1626 578 1716 612 sunt,
1728 573 1906 607 latitudine

100 620 334 653 diminuuntur.
1523 633 1526 636 Α

53 664 56 668 ’
216 672 382 703 Laminae
405 669 599 701 annulorum
624 668 784 700 laterales
806 675 842 700 ut
865 670 899 700 in
923 670 1102 702 Gammaro
1126 678 1159 702 et
1184 671 1394 711 Amphithoe.
1438 672 1601 704 Laminae
1623 674 1906 716 membranaceae,

101 733 183 763 quae
206 723 241 753 in
264 722 401 753 feminis
425 723 496 753 ovis
521 721 729 753 sustinendis
752 722 948 779 inserviunt,
971 721 1140 754 branchiis
1164 722 1351 763 breviores,
1375 731 1553 765 angustae,
1579 729 1734 758 curvatae
1757 734 1790 758 et
1813 730 1907 770 apice

100 774 295 806 rotundatae
319 780 405 804 sunt.

215 825 321 856 Pedes
345 824 448 863 spurii
472 825 567 854 trium
591 823 720 862 parium
744 823 946 855 anteriorum
970 824 1119 856 articulis
1142 823 1300 856 finalibus
1324 825 1497 866 subulafis,
1521 829 1690 859 exteriore
1713 827 1811 867 paulo
1834 828 1907 860 bre-

100 878 201 915 viore,
224 874 429 916 marginibus
455 873 632 905 crenulatis
657 879 688 904 et
710 873 788 913 pilis
811 873 921 916 longis
944 875 1127 909 instructis,
1156 876 1276 918 Margo
1300 887 1425 920 quoque
1448 885 1606 910 externus
1630 879 1761 910 articuli
1781 879 1908 912 basalis

98 927 236 967 pilosus.
269 942 310 948 —
345 926 456 957 Pedes
485 926 589 964 spurii
618 926 714 956 trium
745 925 940 957 annulorum
962 926 1153 958 ultimorum
1175 928 1264 959 inter
1286 938 1322 960 se
1347 928 1555 970 longitudine
1578 930 1743 971 aequales.
1788 931 1909 969 Quarti

98 979 187 1018 paris
210 977 310 1017 pedes
334 976 494 1008 articulos
518 975 637 1007 finales
662 971 878 1017 styliformes,
901 979 1094 1010 interiorem
1119 978 1258 1010 articulo
1282 979 1389 1011 basali
1412 981 1621 1023 longitudine
1643 980 1826 1022 aequalem,
1850 992 1908 1013 ex-

98 1029 256 1060 teriorem
284 1028 419 1068 paululo
441 1029 643 1067 breviorem,
672 1028 877 1070 marginibus
906 1032 942 1061 et
970 1029 1124 1069 apicibus
1143 1024 1250 1070 spinis
1271 1033 1381 1070 parvis
1405 1033 1593 1070 instructis,
1617 1032 1751 1065 habent.
1795 1033 1908 1065 Pedes

99 1081 206 1120 quinti
233 1081 324 1120 paris
353 1079 623 1112 antecedentibus
646 1090 780 1119 prorsus
803 1079 949 1119 similes,
979 1088 1117 1121 excepto
1141 1092 1197 1120 eo,
1227 1083 1310 1122 quod
1334 1083 1466 1115 articuli
1489 1083 1610 1115 finales
1634 1083 1777 1116 articulo
1800 1083 1910 1116 basali

98 1131 267 1162 breviores
297 1138 386 1164 sunt.
430 1131 468 1162 In
498 1130 634 1170 pedibus
662 1131 784 1170 spuriis
813 1132 901 1162 sexti
922 1133 1012 1171 paris
1035 1132 1195 1164 articulus
1219 1132 1345 1165 basalis
1368 1135 1437 1166 fere
1461 1135 1750 1177 quadrangularis,
1774 1135 1909 1168 articuli

97 1181 219 1214 finales
248 1189 281 1213 et
308 1185 397 1213 inter
424 1193 460 1213 se
489 1189 522 1213 et
552 1181 692 1213 articulo
721 1181 830 1213 basali
858 1182 1031 1224 aequales,
1066 1183 1292 1224 styliformes,
1325 1187 1361 1217 in
1389 1186 1539 1227 apicibus
1567 1186 1644 1226 pilis
1674 1186 1827 1218 brevibus
1855 1188 1906 1219 in-

99 1236 217 1266 structi
239 1240 328 1265 sunt.

212 1284 390 1325 Appendix
417 1283 528 1315 ultimi
553 1284 667 1315 annuli
691 1285 788 1316 dorso
812 1284 917 1316 affixa
939 1296 1022 1326 non,
1049 1293 1086 1317 ut
1108 1286 1245 1318 solitum
1270 1293 1337 1327 est,
1365 1287 1632 1328 membranacea,
1661 1289 1720 1320 sed
1744 1290 1909 1322 structura

99 1337 276 1373 crassiore,
312 1335 440 1375 brevis,
475 1334 563 1374 lata,
587 1346 684 1375 supra
706 1337 897 1376 rotundata,
920 1337 955 1368 in
977 1337 1086 1369 medio
1108 1338 1233 1378 plicata
1256 1348 1331 1370 esse
1353 1339 1498 1379 videtur,
1522 1350 1585 1379 qua
1606 1351 1642 1371 re
1665 1351 1685 1371 a
1707 1339 1813 1372 latere
1836 1341 1909 1372 visa

98 1386 435 1429 subquadrangularis
460 1386 580 1427 angulo
604 1388 731 1428 postico
754 1389 929 1420 rotundato
952 1395 1099 1430 apparet.

212 1437 334 1470 Totins
359 1439 505 1480 corporis
529 1438 725 1478 superficies
747 1438 869 1479 laevis,
893 1440 988 1472 color
1011 1440 1214 1480 flavescens,
1237 1441 1336 1474 dorso
1358 1442 1493 1482 punctis
1517 1442 1758 1484 nigricantibus
1783 1435 1908 1483 sparso.

100 1489 291 1532 Longitudo
316 1490 416 1520 totius
441 1490 589 1530 corporis
614 1491 642 1527 1,
646 1491 665 1523 5
687 1489 747 1521 lin.
771 1490 868 1529 paulo
892 1499 1038 1531 super-,at
1070 1499 1288 1525 antennarum
1313 1499 1381 1524 tres
1403 1494 1474 1526 fere
1495 1501 1606 1534 partes
1629 1494 1740 1549 lineae
1763 1493 1908 1528 conficit.

214 1540 254 1572 In
276 1542 359 1572 mari
382 1540 504 1573 baltico
528 1552 630 1583 prope
655 1541 826 1573 Gedanum
850 1541 932 1574 haec
955 1544 1084 1583 species
1107 1550 1240 1584 reperta
1263 1550 1324 1576 est.

531 1624 824 1667 Genus
903 1626 1476 1680 corophium.

675 1694 929 1729 veropr-lum
946 1697 1190 1729 longicorne
1207 1697 1330 1725 LATR.

270 1739 377 1764 Mllne
398 1739 557 1765 Edwards
581 1741 598 1765 1.
619 1747 642 1765 c.
661 1740 709 1764 111.
729 1746 755 1770 p.
774 1737 818 1764 66.

213 1778 253 1811 In
275 1780 377 1812 fundo
400 1782 501 1813 maris
525 1781 642 1813 baltici
664 1780 802 1814 habitat.
848 1781 1011 1822 Corporis
1034 1782 1206 1824 longitudo
1229 1783 1264 1814 in
1287 1782 1433 1815 maribus
1457 1784 1477 1816 3
1500 1782 1559 1815 lin.
1584 1794 1651 1816 non
1674 1790 1823 1825 superat,
1847 1794 1900 1816 an-

101 1830 211 1862 tennis
235 1841 351 1872 corpus
374 1832 616 1875 aequantibuS‚
639 1833 675 1865 in
697 1833 832 1866 feminis
856 1834 908 1872 3‚5
931 1832 991 1866 lin.
1015 1833 1131 1874 efficit,
1155 1835 1312 1866 antennis
1336 1835 1473 1867 dimidio
1495 1834 1712 1869 brevioribus.

744 1941 1260 2027 lSssPllllA.

606 2068 901 2111 Genus
980 2069 1396 2113 Idothea.

333 2130 452 2156 MILNE
470 2130 655 2157 EDWARDS
682 2134 700 2157 l.
718 2140 741 2157 c.
760 2133 809 2157 111.
827 2140 854 2163 p.
870 2132 930 2158 125.

685 2183 716 2208 1.
754 2182 927 2209 Idothea
952 2183 1158 2210 Entomon
1181 2184 1296 2211 BOSC.

101 2263 178 2292 ¹82⁰
244 2223 373 2292 ¹⁰lgllne
391 2225 558 2250 Edwards
586 2227 604 2250 r.
623 2233 646 2250 c.
664 2225 717 2250 111.
735 2233 762 2257 p.
781 2225 842 2253 128
876 2239 912 2246 —-
945 2226 1093 2254 Bathke:
1129 2229 1261 2260 Beltrage
1280 2235 1333 2254 zur
1350 2228 1518 2254 Geschlchte
1536 2229 1586 2254 der
1603 2227 1763 2254 Thierwelt.
1781 2227 1804 2253 1.
1823 2228 1901 2255 Abth.

198 2272 226 2297 1²·

213 2307 310 2340 Haec
332 2309 476 2348 species,
501 2315 612 2340 nostro
636 2311 719 2341 maii
742 2309 866 2342 baltico
887 2312 1038 2354 propria,
1062 2317 1096 2343 et
1118 2313 1219 2343 totius
1242 2313 1393 2354 corporis
1415 2313 1523 2345 forma
1546 2319 1579 2344 et
1602 2312 1720 2354 capitis
1742 2311 1849 2354 figura
1871 2319 1903 2345 et

100 2356 212 2389 multis
242 2358 319 2391 aliis
349 2361 447 2392 rebus
472 2371 491 2392 a
515 2362 633 2392 ceteris
655 2362 787 2402 generis
811 2361 972 2395 Idotheae
995 2362 1169 2405 speciebus
1192 2363 1311 2396 differt.
1356 2363 1449 2397 Inter
1472 2374 1529 2396 eas
1552 2371 1662 2396 autem
1685 2369 1796 2402 notas,
1821 2374 1903 2405 quae

969 2411 977 2418 ”
1624 2416 1646 2447 2
