2193 2832
999 122 1023 155 3

212 211 451 247 *Antennarum
476 210 678 249 superiorum
702 215 837 241 truncus
861 206 966 240 oeulis
989 206 1085 247 paulo
1110 206 1256 250 longior,
1283 209 1473 250 depressus,
1498 211 1539 242 ad
1552 212 1677 251 apicem
1691 221 1808 244 verssu
1820 214 1919 254 paulo

111 262 268 295 dilatatus
293 269 326 293 et
347 263 381 293 in
416 260 563 292 maribus
598 262 740 292 crassior
768 261 876 292 factus
908 265 970 291 est.
1025 258 1211 300 Flagellum
1235 260 1376 291 interius
1401 269 1516 294 trunco
1539 263 1610 295 sere
1635 270 1686 295 ter
1707 263 1855 305 longius,
1882 266 1918 296 in

109 313 255 345 maribus
280 312 376 352 paulo
399 311 530 344 brevius
554 323 648 352 quam
673 314 706 344 in
731 312 882 348 seminis3
917 309 1086 352 flagellum
1121 312 1270 342 exterius
1292 312 1450 343 interiore
1475 315 1533 345 vix
1556 314 1654 353 duplo
1678 315 1820 356 longius.
1878 315 1918 348 In

109 364 256 396 maribus
279 364 365 394 inter
388 363 451 394 duo
475 363 607 404 flagella
631 365 738 395 trunci
762 363 845 402 apici
871 372 1044 402 processus
1073 372 1300 403 compressus,
1330 362 1537 403 longitudine
1565 367 1625 397 vix
1655 366 1832 398 dimidium
1868 364 1921 397 vel

110 417 243 448 tertiam
267 422 393 454 partem
418 416 524 446 trunci
549 425 708 454 aequans,
745 415 893 456 margine
927 414 1085 444 interiore
1119 421 1151 445 et
1185 414 1343 445 inferiore
1378 414 1455 453 pilis
1485 418 1568 447 satis
1592 417 1701 458 longis
1725 418 1919 456 insu-actua

110 465 235 497 affixus
259 471 320 498 est.
345 466 574 496 Antennarum
598 467 792 496 inferiorum
817 465 940 495 lamina
963 471 1120 505 angusta,
1144 464 1304 506 oblonga,
1329 465 1369 496 ad
1394 467 1519 507 apicem
1544 468 1602 499 vix
1627 474 1809 507 coarctata,
1832 478 1923 499 mar-

110 519 190 559 gine
213 516 373 548 inferiore
397 522 429 546 et
452 516 546 554 apice
570 516 646 555 pilis
670 516 780 557 longis
817 517 1004 550 instructis.
1040 517 1188 557 margine
1219 517 1387 548 exteriore
1415 518 1557 559 integro·
1614 518 1651 549 In
1681 519 1813 550 feminis
1838 518 1921 550 haec

112 569 238 600 lamina
251 576 366 598 trunco
391 574 610 598 antennarum
624 568 831 608 superiorum
845 567 927 606 plus¹
943 566 1040 606 duplo
1064 567 1194 609 longior
1217 574 1282 604 est,
1307 568 1341 598 in
1365 568 1511 600 maribus
1536 575 1645 600 autem
1669 569 1773 600 multo
1791 569 1923 601 brevior

109 621 222 652 trunci
245 628 436 659 processum
462 619 660 658 descriptum
686 620 746 649 vix
770 621 913 657 superat.
960 618 1146 660 Flagellum
1172 625 1392 650 antennarum
1420 621 1612 652 inferiorum
1643 621 1686 651 inv
1702 621 1836 661 feminis
1859 620 1923 652 hac

111 671 236 702 lamina
271 671 341 701 fere
365 677 415 701 ter
448 669 578 711 longius
613 674 644 701 et
668 669 834 711 flagellum
859 676 1076 701 antennarum
1102 671 1306 709 superiorum
1333 672 1481 702 exterius
1506 682 1682 711 superans,
1717 672 1750 701 in
1775 670 1922 702 maribus

113 729 226 754 contra
239 721 301 753 hoc
313 721 463 760 brevius,
486 723 519 752 in
533 728 669 761 utroque
681 732 804 763 genere
817 722 978 762 rejectum
992 723 1123 753 tertium
1140 721 1193 752 vel
1212 729 1360 761 quartum
1385 719 1574 754 abdominis
1598 721 1755 753 annulum
1779 723 1922 764 attingit.

227 781 387 812 Feminae
411 782 512 821 pedes
537 783 667 821 spurios
691 782 795 812 cuivis
819 781 1005 812 abdominis
1036 780 1159 812 annulo
1183 780 1324 820 affixos,
1355 793 1489 823 parvos,
1519 781 1664 821 simplici
1688 780 1828 812 articulo
1850 780 1924 811 lan-

113 832 243 865 ceolato
267 833 418 871 effectos,
442 835 591 874 margine
614 833 772 863 inferiore
796 831 924 863 ciliatos
948 831 1134 863 habent.—
1164 831 1201 862 In
1227 832 1373 863 maribus
1397 834 1495 872 pedes
1521 834 1626 872 spurii
1648 833 1763 872 primi,
1787 832 1925 863 secundi

112 892 147 916 et
180 885 286 925 quinti
320 890 447 915 tantum
478 884 593 916 annuli
622 883 807 915 abdominis
831 883 946 914 iisdem
971 883 1168 914 feminarum
1192 883 1341 922 partibus
1367 883 1495 915 similes
1519 889 1607 915 sunt.
1665 884 1774 915 Tertii
1811 888 1924 913 contra

113 936 201 975 paris
224 936 324 975 pedes
348 936 450 975 spurii
474 937 619 978 majores
644 942 736 974 sunt,
760 933 898 966 articulo
923 933 1030 964 basali
1054 933 1197 975 oblongo
1221 941 1254 965 et
1276 935 1415 966 dilatato
1438 946 1476 966 ac
1499 935 1624 966 duobus
1649 933 1800 966 articulis
1813 933 1924 965 finali-

112 987 174 1017 bus
198 993 450 1026 componuntur,
474 997 609 1026 quorum
633 988 772 1017 interior
795 985 967 1017 articulum
992 984 1139 1016 basalem
1163 985 1372 1026 longitudine
1396 993 1530 1026 aequat,
1554 986 1702 1018 exterior
1714 985 1778 1017 hoc
1791 984 1925 1017 brevior

113 1045 165 1070 est
188 1038 337 1071 dimidio.
385 1038 502 1074 Quarti
527 1039 614 1077 paris
639 1038 738 1077 pedes
762 1038 865 1077 spurii
887 1035 990 1068 simili
1013 1037 1110 1067 modo
1135 1047 1179 1068 ex
1202 1036 1345 1068 articulo
1365 1036 1472 1069 basali
1497 1037 1641 1078 oblongo
1667 1044 1697 1068 et
1708 1036 1836 1073 ‚duabus
1850 1047 1924 1076 par-

114 1089 202 1120 tibus
227 1088 385 1120 finalibus
409 1093 581 1127 constant,
607 1099 742 1128 quarum
765 1086 1145 1126 interiorbrevissima,
1179 1087 1377 1130 styliformis
1408 1094 1440 1119 et
1470 1088 1548 1127 pilis
1576 1089 1740 1119 instructa
1763 1094 1831 1127 est,
1867 1098 1926 1119 ex-

114 1141 218 1172 terior
242 1140 440 1182 styliformis
465 1147 497 1170 et
522 1146 586 1170 tam
612 1140 766 1181 elongata
789 1142 857 1179 est,
881 1145 918 1169 ut
931 1149 1036 1178 paene
1048 1140 1169 1178 pinnae
1193 1140 1342 1171 caudalis
1367 1141 1613 1171 extremitatem
1638 1140 1791 1180 attingat.
1815 1139 1923 1170 Prae-

114 1198 207 1224 terea
230 1191 310 1222 haec
332 1201 408 1230 pars
433 1201 495 1221 sex
519 1190 688 1227 articulis,
714 1190 809 1221 nodis
832 1189 930 1229 paulo
953 1190 1088 1221 tumidis
1112 1191 1199 1222 inter
1222 1201 1259 1222 se
1282 1191 1475 1231 disjunctis,
1501 1192 1684 1230 composita
1697 1200 1772 1221 esse
1784 1189 1923 1228 videtur,

114 1253 251 1283 quorum
275 1241 409 1273 ultimus
445 1243 486 1272 ad
509 1243 635 1281 apicem
659 1251 775 1273 versus
799 1246 989 1273 attenuatus
1013 1247 1046 1272 et
1069 1241 1210 1281 spinulis
1234 1241 1466 1275 subtilissimis
1489 1241 1634 1281 obsitus,
1669 1240 1789 1272 nodulo
1826 1238 1924 1280 paulo

115 1295 281 1326 crassiore
304 1294 511 1325 terminatur.
1378 1291 1384 1297 '

228 1352 333 1385 Color
368 1353 517 1392 albidus,
553 1363 686 1394 corpore
721 1352 958 1393 subpellucido.
1017 1352 1164 1394 Quisque
1193 1354 1379 1386 abdominis
1404 1352 1545 1385 annulus
1580 1355 1613 1384 et
1635 1352 1773 1394 quaevis
1801 1351 1925 1391 pinnae

115 1403 262 1436 caudalis
285 1404 413 1436 lamina
435 1406 470 1435 in
495 1411 587 1446 tergo
610 1411 731 1444 puncto
755 1405 863 1442 fusco,
889 1404 1056 1436 interdum
1080 1406 1114 1436 in
1139 1405 1251 1436 radios
1265 1406 1449 1444 desinente,
1473 1405 1673 1440 instructus·‚
1695 1413 1770 1443 pars
1783 1402 1926 1434 inferior

115 1455 317 1494 abdominis,
352 1454 517 1486 oculorum
542 1463 575 1486 et
597 1462 806 1487 attennarum
830 1458 954 1496 trunci,
988 1463 1021 1489 et
1043 1458 1077 1488 in
1101 1456 1238 1488 feminis
1264 1467 1398 1489 ovorum
1424 1455 1578 1495 capsulae
1601 1454 1674 1494 plus
1698 1455 1806 1486 minus
1829 1454 1925 1485 venis

115 1507 273 1538 brunneis
299 1517 488 1546 conspersa.
512 1523 552 1530 -
597 1507 786 1549 Longitudo
814 1508 1010 1538 feminarum
1034 1508 1054 1540 Β
1076 1507 1183 1539 lineas
1215 1508 1365 1546 conficit,
1400 1517 1508 1539 mares
1544 1518 1563 1538 a
1587 1517 1638 1537 me
1672 1507 1762 1547 capti
1789 1506 1922 1537 feminis

115 1557 220 1590 multo
245 1565 322 1589 sunt
346 1559 527 1589 teneriores
552 1569 614 1590 nec
637 1565 775 1598 quatuor
798 1558 907 1590 lineas
931 1565 1100 1600 superant.
1627 1562 1632 1568 '

231 1616 307 1648 Una
330 1628 401 1649 cum
425 1617 530 1649 altera
554 1618 665 1657 specie
688 1620 723 1649 in
748 1618 859 1651 littore
882 1619 986 1650 maris
1010 1629 1116 1660 prope
1140 1619 1329 1656 Gedanum‚
1354 1618 1530 1659 praecipue
1554 1618 1588 1648 in
1612 1617 1688 1649 sinu
1705 1627 1806 1657 prope
1818 1616 1924 1647 vicum

119 1667 269 1700 Oxhoeft
293 1669 373 1706 sito,
399 1680 464 1700 non
488 1680 562 1701 raro
585 1671 761 1709 reperitur.

698 1790 734 1818 ε.
759 1789 884 1822 Mysis
901 1788 1086 1823 vulgar-ts
1105 1790 1244 1817 ΤΗΟΜΡ
1252 1791 1279 1815 s.

288 1867 392 1892 Mllne
410 1868 574 1893 Edwards
593 1870 610 1893 l.
630 1875 653 1893 c.
673 1868 708 1892 11.
728 1875 756 1899 p.
775 1867 836 1894 459.

204 1916 343 1948 Thorax
366 1919 452 1949 inter
476 1919 587 1949 oculos
610 1919 645 1949 in
670 1925 816 1949 rostrum
840 1929 977 1958 parvum
1002 1917 1204 1959 triangulare
1238 1924 1370 1949 acutum
1404 1917 1569 1956 procedit,
1604 1915 1728 1955 postice
1758 1919 1795 1944 ut
1817 1914 1850 1944 in
1875 1913 1923 1945 M.

120 1969 290 2007 spinuloso
314 1970 521 2001 terminatur.
577 1969 804 2001 Antennarum
839 1971 1047 2010 superiorum
1077 1970 1186 2001 trunci
1209 1968 1324 2001 oculos
1348 1968 1446 2010 paulo
1471 1974 1626 2007 superant
1660 1973 1693 1997 et
1722 1966 1756 1996 in
1780 1963 1925 1996 maribus

119 2020 160 2050 ad
184 2020 310 2059 apicem
335 2021 575 2057 intumescun13
599 2020 767 2060 flagellum
791 2021 957 2052 internum
984 2021 1017 2051 in
1041 2021 1176 2051 feminis
1200 2026 1316 2051 trunco
1340 2021 1392 2050 bis
1417 2020 1470 2052 vel
1494 2026 1555 2057 ter,
1591 2021 1625 2049 in
1649 2016 1794 2049 maribus
1819 2027 1926 2058 paene

119 2076 233 2109 quater
267 2069 396 2111 longius
433 2079 499 2111 est,
538 2079 711 2103 externum
747 2073 913 2102 internum
943 2073 999 2103 vix
1028 2071 1126 2111 duplo
1155 2075 1301 2113 superat.
1357 2072 1397 2102 In
1425 2070 1569 2101 maribus
1594 2072 1680 2101 inter
1705 2070 1768 2100 duo
1792 2067 1925 2109 flagella

118 2131 289 2161 processus
315 2121 433 2152 similis
457 2130 555 2162 atque
578 2124 611 2154 in
635 2122 682 2156 Μ.
706 2124 877 2162 spinuloso
908 2124 1015 2154 trunci
1039 2124 1124 2163 apici
1152 2124 1298 2154 insertus
1327 2131 1394 2161 est,
1430 2123 1486 2163 qui
1521 2122 1684 2152 interdum
1719 2120 1924 2161 longitudine

119 2173 226 2203 trunci
250 2172 420 2203 dimidium
446 2181 573 2213 aequat.
620 2177 848 2206 Antennarum
873 2176 1077 2206 exteriorum
1100 2174 1227 2206 lamina
1250 2176 1456 2216 superiorum
1487 2180 1602 2204 trunco
1631 2174 1701 2204 sere
1730 2171 1828 2210 duplo
1845 2170 1924 2206 *lon-

120 2223 206 2263 gior,
242 2230 398 2264 angusta,
434 2224 585 2256 subulata
609 2233 641 2257 et
665 2228 870 2267 acuminata,
905 2227 1056 2267 margine
1078 2227 1237 2258 interiore
1266 2232 1299 2256 et
1322 2226 1414 2265 apice
1437 2225 1513 2264 pilis
1538 2224 1662 2265 longis,
1698 2223 1846 2264 margine
1868 2232 1925 2254 ex-

120 2275 244 2305 teriore
268 2274 471 2306 brevioribus
495 2277 672 2314 instructa3
697 2278 863 2319 flagellum
887 2279 946 2311 vix
969 2277 1100 2319 longius
1124 2284 1341 2309 antennarum
1365 2277 1568 2316 superiorum
1593 2274 1740 2315 flagelIO,
1765 2275 1924 2314 rejectum

121 2324 156 2353 in
179 2324 313 2357 feminis
339 2326 495 2358 annulum
520 2327 704 2360 abdominis
730 2330 861 2361 tertium
885 2331 938 2363 vel
962 2336 1126 2370 quartum,
1151 2330 1186 2360 in
1210 2328 1355 2360 maribus
1380 2327 1537 2359 annulum
1551 2328 1698 2366 quintum
1723 2325 1776 2357 vel
1791 2331 1923 2355 sextum

121 2376 264 2416 attingit.
292 2395 334 2399 —
377 2378 510 2410 Pinnae
545 2379 690 2411 caudalis
719 2380 844 2413 lamina
867 2381 974 2416 media
997 2379 1201 2420 lanceolata,
1236 2379 1442 2422 marginibus
1477 2377 1672 2409 lateralibus
1707 2375 1923 2408 subtilissime

1624 2438 1669 2468 μ
