2193 2832
1140 153 1193 188 20

251 261 346 284 suum
370 249 558 282 lateralium
583 245 722 288 angulos
746 250 927 277 retrorsum
951 243 1180 284 prominentes
1205 243 1384 282 componit.
1431 241 1603 274 Abdomen
1629 240 1975 283 subseminrbiculare,
2001 245 2071 275 cin-

253 303 366 345 gulum
391 304 522 334 sextum
549 298 647 340 paulo
671 297 804 339 longius
828 307 923 337 quam
947 295 1067 334 latius,
1091 296 1288 335 triquetrum
1312 295 1406 334 apice
1430 293 1498 326 late
1520 295 1715 335 rotundato,
1740 295 1889 336 margine
1907 296 2073 327 anteriore

251 361 402 393 arcuato,
436 350 642 394 marginibus
678 348 876 381 lateralibus
911 348 1023 380 rectis.
1083 347 1194 379 Pedes
1224 347 1328 387 spurii
1359 346 1468 378 ultimi
1495 347 1586 386 paris
1609 347 1750 386 spatium
1774 348 1889 387 quinto
1918 353 1951 378 et
1975 354 2072 378 sexto

249 407 383 448 cingulo
406 405 618 444 interjectum
645 412 751 442 paene
774 401 924 442 explent.
961 398 1130 431 Articulus
1156 398 1282 442 basalis
1307 410 1325 430 e
1349 398 1421 429 basi
1446 397 1515 429 lata
1538 399 1845 430 ad”extremitatem
1875 405 2072 436 coarctatus,

250 459 401 500 margine
426 457 555 496 postico
579 454 711 494 obliquo
736 463 775 485 ac
799 451 960 492 profunde
989 451 1212 494 emarginato,
1237 449 1397 482 articulus
1421 449 1536 481 finalis
1559 450 1709 481 exterior
1744 460 1763 480 a
1793 449 1863 481 basi
1894 451 1935 481 ad
1959 458 2072 482 extre-

250 513 397 542 mitatem
422 508 581 540 dilatatus
605 507 754 548 margine
778 505 892 536 antico
917 509 1067 542 arenam,
1090 503 1218 542 postico
1243 509 1350 542 recto,
1374 501 1584 544 marginibus
1603 499 1799 532 lateralibus
1823 503 1987 533 exteriore
2000 501 2072 533 lon-

248 565 358 604 giore,
394 561 554 592 interiore
589 558 755 593 breviore3
790 555 949 587 articulus
985 554 1099 587 finalis
1132 555 1271 586 interior
1307 555 1380 586 basi
1415 557 1602 592 contracta,
1636 552 1842 595 marginibus
1878 553 2072 585 lateralibus

249 615 347 646 rectis
373 620 406 644 et
428 609 610 652 parallelis.

365 663 470 697 Color
504 664 608 695 totius
644 662 762 701 capitis
797 661 850 701 (in
875 657 1077 691 animalibus
1099 660 1169 700 jam
1194 658 1316 690 diutius
1340 658 1376 690 in
1400 658 1469 689 vini
1499 658 1619 698 spiritu
1641 657 1848 693 reservatis)
1882 667 1900 687 e
1924 655 2073 687 brunneo

250 716 562 750 subcaerulescens.
615 713 761 753 Reliqua
785 713 935 754 corporis
965 721 1041 750 pars
1071 710 1273 747 flavescens,
1309 709 1448 741 maculis
1483 709 1586 740 fuscis
1624 714 1657 739 et
1691 707 1918 739 subcaeruleis
1952 707 2074 748 ubique

249 780 383 810 sparsa,
419 779 501 809 quae
536 768 575 798 ad
602 766 784 808 marginem
809 764 958 805 cujusvis
983 762 1099 794 annuli
1122 764 1157 794 in
1187 763 1302 794 striam
1333 768 1560 794 transversam
1590 760 1769 793 confluunt.
1828 759 1980 791 Ceterum
2015 770 2073 791 an-

248 830 371 854 tennae
411 828 444 851 et
484 820 606 860 capitis
647 827 763 849 omnes
802 822 913 857 partes
952 822 986 847 et
1027 813 1143 846 annuli
1182 813 1306 856 singuli
1348 813 1553 856 marginibus
1593 812 1716 845 albidis
1762 812 1872 844 cincta
1909 818 1997 844 sunt.
2028 828 2069 834 -—

248 874 355 914 Prope
379 873 563 905 Gedanum.

704 957 740 983 4.
775 952 1112 982 Armadmidium
1139 952 1399 986 pulchellum
1442 954 1462 978 B
1469 953 1494 978 R
1501 954 1522 977 Α
1530 953 1554 978 N
1560 953 1583 977 D
1590 950 1623 977 T.

433 1030 574 1060 Brandt‚
611 1028 787 1059 Conspectus
815 1027 832 1050 l.
860 1032 883 1050 c.
910 1032 937 1055 p.
964 1022 1024 1051 188.
1052 1037 1086 1041 -
1139 1021 1292 1048 Armadillo
1317 1020 1467 1054 pulchellus
1502 1022 1609 1052 Koch,
1654 1021 1862 1047 Deutschlands
1891 1019 2072 1045 Crustaceen.

249 1072 382 1100 Pasa-28.
403 1074 450 1105 fig.
472 1071 512 1097 16.
530 1084 565 1089 —

368 1125 478 1164 Caput
501 1123 571 1154 fere
597 1127 711 1162 quater
733 1120 835 1151 latius
860 1129 957 1159 quam
982 1117 1132 1159 longius;
1166 1117 1281 1148 taenia
1315 1114 1472 1147 frontalis
1497 1116 1578 1146 satis
1604 1123 1765 1154 expressa
1799 1118 1877 1144 ante
1902 1111 2016 1143 oculos
2040 1113 2074 1143 in

249 1177 406 1220 angulum
430 1182 554 1207 rectum
579 1174 743 1213 prominet
766 1172 903 1211 ipsaque
928 1181 994 1201 non
1019 1171 1204 1208 interrupta
1228 1170 1262 1199 in
1286 1178 1477 1208 processum
1495 1166 1673 1198 frontalem
1696 1166 1841 1197 medium
1865 1165 1997 1203 transit,
2020 1165 2076 1204 qui

247 1229 417 1270 paululum
441 1234 573 1259 erectus
598 1232 651 1257 est
675 1232 707 1256 et
731 1224 913 1256 latitudine
946 1224 1018 1255 fere
1054 1222 1186 1253 tertiam
1210 1221 1328 1260 capitis
1354 1226 1482 1261 partem
1507 1225 1635 1259 aequat.
1694 1218 1880 1249 Processus
1911 1214 2074 1247 frontales

248 1281 406 1314 laterales
431 1279 528 1320 paulo
554 1279 685 1320 longius
710 1288 805 1317 quam
831 1285 1008 1318 processus
1033 1274 1161 1305 medius
1185 1273 1385 1313 prominent.
1442 1272 1482 1303 In
1512 1270 1670 1304 antennis
1700 1269 1764 1300 duo
1792 1267 1919 1310 flagelli
1942 1265 2074 1298 articuli

247 1341 365 1366 trunco
400 1331 503 1363 multo
537 1330 735 1373 graciliores
771 1324 848 1359 sunt
883 1334 916 1359 et
950 1325 1116 1358 articulus
1147 1335 1261 1356 eorum
1295 1323 1497 1364 penultimus
1531 1324 1635 1355 multo
1668 1321 1777 1353 minor
1810 1330 1907 1360 quam
1936 1317 2074 1350 ultimus

247 1393 311 1419 est.
356 1384 519 1417 Thoracis
544 1382 688 1414 annulus
712 1382 837 1421 primus
861 1380 1004 1410 frontem
1030 1389 1094 1409 non
1120 1378 1268 1418 procedit
1304 1383 1338 1408 et
1361 1383 1427 1407 tam
1452 1378 1617 1418 angustus
1640 1380 1706 1411 est,
1742 1378 1778 1403 ut
1801 1371 1972 1413 margines
2001 1371 2074 1411 ejus

246 1436 408 1469 laterales
434 1448 453 1467 a
476 1437 650 1477 superiore
674 1440 768 1474 parte
803 1433 867 1464 visi
900 1442 973 1465 cum
1007 1431 1117 1462 fronte
1153 1440 1238 1468 non,
1272 1435 1309 1460 ut
1331 1427 1466 1459 solitum
1490 1434 1558 1466 est,
1593 1423 1837 1458 semicirculum
1866 1427 2075 1461 componant,

247 1490 308 1520 sed
332 1489 511 1528 compressi
537 1494 570 1518 et
593 1497 699 1527 paene
723 1486 849 1516 sinuati
873 1489 1062 1523 appareant.
1101 1481 1223 1513 Cetera
1247 1491 1373 1521 quoque
1397 1479 1545 1511 thoracis
1569 1477 1703 1520 cingula
1726 1475 1966 1518 angustissima
1989 1472 2074 1504 alte-

248 1552 309 1582 que
333 1547 470 1572 arcuata
494 1546 588 1578 sunt,
612 1545 648 1569 ut
673 1537 816 1569 altitudo
840 1536 987 1576 corporis
1021 1534 1138 1565 tertias
1172 1533 1246 1564 fere
1275 1539 1388 1573 partes
1419 1531 1607 1563 latitudinis
1638 1528 1804 1562 conficiat.
1855 1526 2074 1558 processuum

246 1592 435 1625 lateralium
461 1592 575 1633 anguli
599 1590 801 1630 posteriores
825 1587 994 1619 rotundati
1018 1592 1108 1617 sunt.
1155 1583 1275 1616 Ultimi
1299 1584 1444 1616 thoracis
1470 1583 1594 1625 cinguli
1618 1591 1734 1624 margo
1752 1579 1918 1621 posterior
1941 1574 2073 1618 angulis

248 1648 432 1676 retrorsum
456 1641 740 1683 prominentibus,
764 1643 820 1681 qui
844 1641 879 1671 in
903 1638 1055 1679 plurimis
1080 1636 1254 1677 speciebus
1278 1637 1512 1675 inveniuntur,
1535 1644 1670 1667 vacuuS.

364 1695 561 1728 Abdominis
587 1694 747 1725 circuitus
772 1693 842 1724 fere
867 1690 1162 1723 semiorbicularis.
1208 1687 1379 1720 Articulus
1404 1689 1478 1729 ejus
1501 1687 1636 1718 ultimus
1662 1686 1857 1725 triquetruS,
1887 1682 1947 1713 vix
1974 1679 2074 1711 latior

248 1758 343 1788 quam
366 1747 513 1788 longior,
539 1748 634 1788 apice
659 1745 847 1776 rotundato.
895 1743 1001 1774 Pedes
1026 1742 1131 1783 spurii
1154 1739 1262 1772 ultimi
1286 1741 1375 1780 paris
1399 1740 1540 1780 spatium
1565 1739 1684 1770 ultimo
1708 1743 1740 1768 et
1752 1733 1936 1775 penultimo
1950 1730 2073 1763 annulo

248 1801 458 1841 interjectum
482 1810 587 1838 paene
612 1797 766 1838 explent3
791 1795 952 1827 articulus
977 1804 1089 1825 eorum
1114 1792 1241 1824 basalis
1265 1791 1395 1831 brevis,
1418 1792 1459 1823 ad
1483 1792 1611 1831 apicem
1635 1799 1751 1821 versus
1766 1788 1970 1823 coarctatus,
2003 1789 2072 1813 tum

249 1858 356 1883 autem
381 1851 585 1893 marginibus
610 1849 805 1881 lateralibus
831 1847 1012 1885 subrectis,
1037 1846 1187 1887 margine
1211 1845 1339 1884 postico
1362 1843 1481 1874 leviter
1516 1850 1548 1874 et
1571 1843 1710 1874 rotunde
1745 1840 1877 1874 exciso3
1912 1833 2074 1867 articulus

249 1903 362 1934 finalis
397 1904 542 1934 exterior
577 1899 933 1941 subquadmngularis,
981 1896 1185 1939 marginibus
1221 1894 1417 1927 lateralibus
1453 1893 1686 1934 subparallelis
1720 1898 1752 1923 et
1795 1886 2071 1929 subaequalibus3

250 1954 408 1986 articulus
433 1953 546 1985 finalis
570 1954 710 1985 interior
733 1952 933 1994 longitudini
957 1950 1121 1981 exteriori
1146 1946 1308 1987 aequalis.
1603 1932 1630 1956 ⁶

366 2005 566 2046 Super-ficies
592 2005 873 2044 splendidissima.
901 2020 941 2025 —
988 2001 1088 2033 Color
1112 2000 1298 2038 brunneuS,
1323 2000 1428 2030 series
1451 1998 1616 2030 lntearum
1632 1994 1835 2027 macularum
1859 1993 2014 2032 utrinque
2039 1996 2071 2019 et

250 2069 348 2097 prope
373 2058 504 2089 dorsum
530 2059 672 2088 medium
698 2062 730 2087 et
753 2057 786 2086 in
812 2055 884 2087 basi
908 2064 1121 2094 processuum
1151 2050 1340 2083 lateralium
1366 2051 1431 2082 sita
1456 2056 1522 2086 est3
1552 2049 1716 2080 interdum
1742 2047 1776 2077 in
1801 2042 1962 2075 lateribus
1985 2043 2072 2072 inter

250 2110 308 2140 has
332 2109 428 2141 binas
453 2111 560 2141 series
584 2110 671 2140 aliae
696 2106 843 2139 maculae
868 2106 1087 2145 reperiuntur.
1135 2105 1175 2136 ln
1201 2102 1375 2134 abdomine
1400 2102 1549 2134 maculae
1573 2102 1684 2132 luteae
1708 2098 1851 2138 majores
1877 2101 1910 2126 et
1932 2093 2070 2125 latiores

251 2168 346 2200 sunt,
380 2168 415 2192 ut
448 2169 515 2192 tres
551 2168 679 2192 tantum
715 2160 817 2190 striae
854 2158 1022 2190 brunneae
1058 2164 1090 2188 et
1115 2155 1265 2187 maculae
1288 2154 1436 2195 ejusdem
1461 2153 1582 2185 coloris
1606 2154 1641 2183 in
1668 2150 1831 2183 extremis
1858 2143 2071 2187 processibus

249 2212 449 2244 lateralibus
474 2214 558 2244 sitae
582 2211 826 2252 relinquantur.
851 2210 959 2249 Caput
982 2220 1048 2240 una
1073 2207 1204 2239 macula
1228 2217 1292 2238 non
1317 2205 1428 2246 procul
1452 2217 1470 2237 a
1494 2206 1602 2237 medio
1626 2204 1774 2245 margine
1798 2199 1982 2242 posteriore
2006 2196 2070 2226 sita

252 2272 402 2296 notatum
428 2269 489 2297 est.
516 2263 776 2305 Annulisinguli
802 2263 966 2302 coi-poris,
991 2267 1089 2302 caput
1113 2268 1146 2291 et
1170 2265 1337 2291 antennae
1350 2259 1499 2300 margine
1524 2255 1745 2288 subtilissimo
1769 2259 1803 2284 et
1825 2250 1936 2283 albido
1961 2248 2070 2280 cincta

252 2324 344 2353 sunt3
369 2324 541 2356 praeterea
564 2317 599 2346 in
624 2317 742 2356 quovis
767 2314 891 2346 annulo
916 2325 1016 2354 prope
1041 2313 1128 2344 hunc
1152 2311 1333 2352 marginem
1353 2311 1439 2341 stria
1452 2309 1610 2349 quaedam
1634 2314 1824 2339 transversa
1847 2309 1879 2338 et
1904 2299 1977 2333 rufa
1992 2309 2070 2331 con-

251 2370 399 2410 spicitur,
424 2380 507 2409 quae
531 2370 564 2399 in
590 2367 753 2399 extremis
777 2366 990 2407 processibus
1014 2363 1210 2397 lateralibus
1235 2363 1268 2393 in
1294 2361 1456 2394 maculam
1481 2361 1630 2402 ejusdem
1656 2358 1774 2391 coloris
1799 2353 1970 2386 dilatatur.
2007 2351 2070 2382 Eo-

251 2421 324 2452 dem
350 2421 489 2461 denique
513 2420 620 2452 colore
645 2419 744 2460 pedes
767 2420 874 2458 spurii
897 2424 984 2449 sunt.
