2193 2832
967 150 1021 184 35

434 242 466 275 b.
512 241 594 275 Pars
617 242 723 274 antica
741 241 886 281 posticae
908 239 1076 271 altitudine
1093 237 1167 281 fere
1187 240 1338 281 aequalis.

720 326 771 352 11.
807 324 953 358 cypr-Is
971 323 1096 351 vidua
1125 320 1267 350 MULL

266 408 371 435 Mllnc
390 407 588 433 Edwardsl.
608 411 630 430 c.
650 403 700 429 ΠΙ.
718 412 744 436 Ῑι
762 402 826 430 399
845 418 878 425 -
896 403 1197 434 Miiller,Entom.1›
1215 400 1258 428 55.
1278 403 1333 427 tub
1357 401 1403 427 IV.
1424 402 1471 434 fig
1490 402 1567 429 7—9.
1587 416 1617 423 —
1638 401 1803 429 Μοηοοιιὶιιε
1820 401 1901 428 viduo

94 454 250 479 Jurtnel.
270 459 293 477 c.
313 459 339 483 p.
357 449 416 476 175
435 451 471 481 pl.
493 449 533 475 19.
552 449 599 480 fig.
618 445 696 473 5-6,

208 501 313 533 Testa
342 500 525 538 latissima,
559 510 664 538 paene
691 499 846 538 depressa
876 504 908 529 et
937 497 1027 528 infra
1055 502 1248 535 tiansxerse
1271 495 1483 527 mediocriter
1507 506 1674 535 convexa,
1698 494 1901 537 marginibus

75 553 191 594 ·paulo
220 553 376 588 inflexis3
411 562 430 582 a
458 550 563 582 latere
592 552 678 582 visa:
714 550 865 592 margine
887 549 1045 580 inferiore
1068 554 1176 588 recto,
1211 549 1303 587 parte
1327 548 1439 578 antica
1460 548 1608 586 posticae
1632 546 1808 578 altitudine
1831 545 1903 578 fere

95 604 245 646 aequali,
269 603 416 635 maxima
439 602 617 634 altitudine
640 602 674 632 in
698 602 806 632 medio
829 602 903 633 sita.
948 599 1112 644 Valvulae
1135 611 1155 630 a
1179 606 1271 640 tergo
1297 605 1502 638 conspectae,
1524 597 1685 630 lateribus
1707 597 1804 630 valde
1827 608 1904 629 con·

97 657 211 696 vexis,
233 655 408 687 latitudine
430 654 500 686 fere
523 654 604 685 duas
627 658 738 693 partes
762 652 982 694 longitudinis
1005 642 1185 693 aequant&
1214 660 1290 691 pars
1314 650 1428 682 ·1ntica
1450 650 1622 692 angustior
1644 658 1744 691 quam
1765 649 1902 689 postica.

97 725 135 730 -
159 705 286 740 Oculus
310 706 583 747 quadrangularis
606 710 639 735 et
661 714 869 745 per.magnus

209 757 318 790 Testa
340 756 457 797 ubique
481 757 599 796 pilosa,
622 755 732 788 colore
757 754 927 793 subviridi‚
951 753 1042 785 striis
1066 753 1172 784 tribus
1196 753 1398 784 transversis
1428 726 1608 794 subnigris.
1673 750 1905 794 Magnitudine

96 809 202 850 magis
230 815 327 840 aucta
351 812 421 840 tota
444 807 638 847 superficies
662 806 836 838 subalbida
860 812 893 836 et
914 805 1045 845 punctis
1069 803 1231 836 viridibus
1254 803 1308 835 vel
1332 803 1576 845 nigricantibus
1601 802 1762 843 (fortasse
1783 802 1906 845 promi-

98 859 283 898 nentibus),
306 859 423 899 quibus
448 858 510 900 pili
533 859 719 889 intermixti
743 861 832 896 sunt,
856 867 972 897 sparsa
995 864 1071 888 esse
1093 856 1232 889 videtur.
1257 871 1297 878 —
1320 855 1511 897 Longitudo
1533 855 1608 895 0‚27
1630 854 1691 889 lin.

211 909 289 943 Una
311 921 383 943 cum
407 911 518 951 specie
541 910 757 942 antecedente
781 914 913 949 reperta
936 914 998 940 est.

442 1050 469 1070 c.
515 1038 598 1072 Pars
619 1039 725 1071 antica
747 1037 893 1070 humilior
914 1047 1005 1080 quam
1024 1038 1161 1078 postica.

739 1139 792 1166 12.
829 1138 977 1174 cypris
994 1137 1134 1166 viteus
1164 1140 1183 1165 J
1192 1140 1260 1165 ΠΒ.

272 1221 392 1246 Mllne
410 1219 596 1245 Edwards
615 1221 633 1245 Ι.
652 1218 747 1244 e.111.
765 1226 792 1249 11·
809 1215 871 1244 398.
898 1229 933 1235 —
959 1218 1105 1243 Jurine
1122 1219 1140 1243 l.
1159 1225 1184 1243 e.
1204 1224 1230 1248 p.
1249 1215 1309 1243 174.
1327 1217 1383 1242 tab.
1402 1214 1443 1242 18.
1461 1207 1508 1248 figss
1528 1214 1570 1241 15.
1589 1213 1629 1242 16.

214 1271 323 1304 Testa
345 1270 435 1301 infra
458 1268 646 1302 t'rausverse
671 1279 833 1308 convexa,
866 1279 886 1299 a
908 1267 1013 1300 latere
1036 1269 1127 1301 visat
1161 1268 1310 1309 margine
1333 1267 1493 1298 inferiore
1515 1272 1605 1298 recto
1627 1264 1683 1297 vel
1706 1262 1911 1306 subemargi-

102 1329 197 1361 nato,
230 1328 323 1363 parte
351 1322 482 1362 postica
508 1321 699 1361 plerumque
723 1321 842 1352 altiore
867 1331 963 1361 quam
986 1321 1116 1360 antica,
1150 1319 1315 1350 interdum
1339 1325 1449 1351 autem
1474 1315 1743 1350 extremitatibus
1766 1316 1854 1347 inter
1876 1325 1912 1346 se

102 1373 284 1413 similibus,
312 1384 333 1404 a
354 1376 448 1414 tergo
472 1374 544 1404 visa
567 1374 750 1412 posteriore
775 1378 869 1414 parte
892 1371 995 1403 multo
1017 1370 1135 1402 latiore
1158 1381 1256 1411 quam
1279 1371 1463 1410 anteriore,
1486 1368 1630 1403 valvulis
1653 1375 1719 1399 tam
1744 1367 1913 1406 convexis,

103 1434 137 1458 ut
169 1426 336 1467 margines
366 1435 478 1455 earum
507 1424 693 1464 superiores
721 1423 757 1453 in
786 1424 969 1462 posteriore
998 1428 1105 1454 testae
1134 1420 1228 1463 parte
1249 1422 1370 1454 inflexi
1393 1423 1471 1454 sint.
1515 1420 1688 1463 Margines
1712 1419 1859 1451 anterior
1882 1425 1914 1449 et

103 1478 265 1518 posterior
287 1476 364 1515 pilis
388 1475 500 1508 obsiti.
1699 1498 1701 1501 .

217 1526 319 1559 Color
346 1527 479 1566 viridis,
514 1526 604 1557 striis
634 1524 759 1556 duabus
787 1525 823 1556 in
851 1530 993 1567 utroque
1019 1524 1126 1557 latere
1154 1525 1259 1557 fuscis
1287 1531 1321 1556 et
1349 1523 1490 1557 maculis
1521 1521 1716 1564 quibusdam
1739 1531 1808 1554 non
1832 1521 1914 1552 satis

104 1579 283 1612 distinctis.
306 1595 348 1601 —-
370 1578 560 1619 Longitudo
583 1579 657 1612 0.92
680 1576 739 1611 lin.

218 1630 257 1661 In
282 1630 409 1670 stagnis
432 1640 532 1669 prope
555 1629 808 1669 Regiomontum
832 1627 970 1659 offendi.

220 1680 426 1713 Veresimile
449 1687 517 1720 est,
545 1682 579 1711 in
600 1679 808 1721 juvenilibus
831 1678 931 1720 hujus
955 1679 1080 1718 speciei
1103 1677 1389 1718 animalibus„ut
1410 1678 1447 1709 in
1472 1677 1508 1709 C.
1534 1677 1704 1714 aurantia,
1728 1678 1834 1708 testas
1856 1684 1914 1706 an-

104 1733 227 1765 teriore
249 1738 342 1772 parte
365 1732 501 1764 altiores
523 1742 610 1770 esse,
633 1742 730 1772 quam
752 1731 949 1771 posteriore,
973 1736 1006 1761 et
1028 1731 1154 1761 sensim
1177 1730 1307 1762 demum
1330 1730 1365 1761 in
1389 1739 1463 1762 eam
1486 1728 1637 1768 formam,
1650 1728 1778 1769 quaein
1793 1724 1915 1758 adultis

108 1783 312 1823 observatur,
335 1785 487 1816 transire.

696 1910 753 1938 13.
789 1908 936 1945 cypris
953 1908 1155 1944 vulgaris,
1177 1917 1236 1937 nov.
1256 1917 1326 1942 spec.

223 1989 328 2022 Testa
355 1989 445 2021 infra
472 1995 661 2021 transverse
689 1999 794 2028 paene
822 1999 927 2030 aeque
958 1999 996 2019 ac
1014 1982 1060 2018 *in
1089 1987 1187 2018 dorso
1215 1989 1350 2019 arcuata
1384 1986 1442 2018 sed
1475 1983 1680 2027 marginibus
1716 1982 1917 2015 valvularum

110 2041 327 2073 inferioribus
350 2041 486 2072 inflexis
511 2041 546 2071 in
570 2041 678 2072 medio
702 2050 860 2076 concava3
886 2051 905 2070 a
927 2040 1032 2071 latere
1055 2040 1128 2071 visa
1151 2039 1300 2080 margine
1322 2038 1482 2070 inferiore
1506 2043 1596 2068 recto
1619 2042 1653 2067 et
1675 2041 1768 2075 parte
1786 2034 1918 2076 postica

110 2092 215 2125 multo
238 2091 357 2124 altiore
385 2103 424 2124 ac
450 2091 573 2123 latiore
597 2102 691 2132 quam
717 2092 837 2123 antica.
881 2090 1045 2123 Valvulae
1068 2090 1229 2122 lateribus
1253 2097 1319 2122 tam
1344 2100 1518 2128 convens,
1531 2095 1568 2119 ut
1591 2093 1726 2129 apertae
1749 2087 1783 2117 in
1806 2091 1918 2125 poste-

109 2145 197 2176 riore
220 2149 312 2183 parte
336 2144 420 2185 tergi
443 2154 509 2175 non
534 2144 667 2175 cristam
691 2144 935 2182 prominentem
960 2141 1127 2181 efficiant,
1150 2143 1208 2173 sed
1231 2142 1357 2174 fossam
1379 2142 1520 2173 incisam
1543 2141 1631 2172 inter
1654 2150 1690 2171 se
1713 2142 1918 2177 componant.

111 2195 270 2227 Latitudo
293 2194 470 2226 altitudine
492 2194 595 2225 multo
620 2196 726 2235 major
750 2202 782 2225 et
804 2194 1014 2236 longitudine
1036 2193 1134 2233 paulo
1159 2200 1285 2225 tantum
1308 2194 1417 2225 minor
1440 2199 1501 2224 est.
1547 2209 1589 2217 ·-
1634 2189 1759 2222 Oculus
1783 2199 1804 2220 a
1825 2193 1918 2229 tergo

113 2246 205 2277 visus
228 2244 513 2287 quadrangularis.
537 2264 579 2269 —
601 2247 691 2279 Tota
709 2245 903 2286 superficies
916 2257 954 2277 ac
966 2245 1142 2287 praecipue
1154 2245 1388 2277 extremitates
1400 2243 1479 2284 pilis
1492 2243 1578 2275 raris
1590 2243 1763 2284 longisque
1777 2238 1916 2271 obsitae

115 2296 224 2329 colore
246 2298 352 2329 fusco.
376 2315 413 2321 —-
439 2297 628 2339 Longitudo
651 2300 725 2338 0,22
748 2297 808 2330 lin.

228 2348 322 2381 Haec
350 2350 478 2390 species
507 2356 620 2380 nostra
647 2350 681 2381 in
711 2349 879 2389 provincia
906 2348 1051 2380 omnium
1079 2348 1225 2380 maxime
1252 2346 1398 2389 vulgaris
1422 2357 1496 2380 esse
1518 2346 1650 2378 videtur
1672 2354 1712 2377 ac
1735 2349 1835 2375 totam
1860 2351 1919 2383 per

116 2403 275 2432 aestatem
298 2411 402 2440 paene
424 2402 460 2432 in
484 2400 635 2441 omnibus
658 2400 761 2433 fossis
782 2400 984 2440 lacubusque
1006 2401 1179 2440 reperitur.

1620 2447 1662 2480 5ss
