<?xml version="1.0" encoding="UTF-8"?>
<!DOCTYPE html PUBLIC "-//W3C//DTD XHTML 1.0 Transitional//EN"
    "http://www.w3.org/TR/xhtml1/DTD/xhtml1-transitional.dtd">
<html xmlns="http://www.w3.org/1999/xhtml" xml:lang="en" lang="en">
 <head>
  <title>
</title>
<meta http-equiv="Content-Type" content="text/html;charset=utf-8" />
  <meta name='ocr-system' content='tesseract 3.04.00' />
  <meta name='ocr-capabilities' content='ocr_page ocr_carea ocr_par ocr_line ocrx_word'/>
</head>
<body>
  <div class='ocr_page' id='page_1' title='image "./synopseoscrustac00zadd_0022.png"; bbox 0 0 2193 2832; ppageno 0'>
   <div class='ocr_carea' id='block_1_1' title="bbox 1160 139 1187 173">
    <p class='ocr_par' dir='ltr' id='par_1_1' title="bbox 1160 139 1187 173">
     <span class='ocr_line' id='line_1_1' title="bbox 1160 139 1187 173; baseline 0 0"><span class='ocrx_word' id='word_1_1' title='bbox 1160 139 1187 173; x_wconf 80' lang='lat'><em>8</em></span> 
     </span>
    </p>
   </div>
   <div class='ocr_carea' id='block_1_2' title="bbox 259 225 2086 789">
    <p class='ocr_par' dir='ltr' id='par_1_2' title="bbox 259 225 2086 789">
     <span class='ocr_line' id='line_1_2' title="bbox 259 225 2079 275; baseline -0.002 -8"><span class='ocrx_word' id='word_1_2' title='bbox 259 236 443 275; x_wconf 63' lang='lat' dir='ltr'>nuncupari</span> <span class='ocrx_word' id='word_1_3' title='bbox 479 242 645 274; x_wconf 82' lang='lat' dir='ltr'>propono,</span> <span class='ocrx_word' id='word_1_4' title='bbox 680 229 868 271; x_wconf 84' lang='lat' dir='ltr'>colligenda</span> <span class='ocrx_word' id='word_1_5' title='bbox 893 234 981 260; x_wconf 85' lang='lat' dir='ltr'>sunt.</span> <span class='ocrx_word' id='word_1_6' title='bbox 1039 228 1157 260; x_wconf 86' lang='lat' dir='ltr'>Genus</span> <span class='ocrx_word' id='word_1_7' title='bbox 1192 225 1282 258; x_wconf 90' lang='lat' dir='ltr'>enim</span> <span class='ocrx_word' id='word_1_8' title='bbox 1316 226 1518 268; x_wconf 78' lang='lat' dir='ltr'>Amphithoe</span> <span class='ocrx_word' id='word_1_9' title='bbox 1552 227 1733 260; x_wconf 89' lang='lat' dir='ltr'>secundum</span> <span class='ocrx_word' id='word_1_10' title='bbox 1768 227 1861 261; x_wconf 90' lang='lat' dir='ltr'>illum</span> <span class='ocrx_word' id='word_1_11' title='bbox 1884 230 2079 272; x_wconf 77' lang='lat' dir='ltr'>scriptorem</span> 
     </span>
     <span class='ocr_line' id='line_1_3' title="bbox 259 278 2081 330; baseline -0.001 -12"><span class='ocrx_word' id='word_1_12' title='bbox 259 288 398 330; x_wconf 86' lang='lat' dir='ltr'>pedibus</span> <span class='ocrx_word' id='word_1_13' title='bbox 422 286 557 317; x_wconf 85' lang='lat' dir='ltr'>duorum</span> <span class='ocrx_word' id='word_1_14' title='bbox 582 284 764 322; x_wconf 85' lang='lat' dir='ltr'>primorum</span> <span class='ocrx_word' id='word_1_15' title='bbox 788 282 916 323; x_wconf 82' lang='lat' dir='ltr'>parium</span> <span class='ocrx_word' id='word_1_16' title='bbox 942 279 1130 318; x_wconf 81' lang='lat' dir='ltr'>cheliferis,</span> <span class='ocrx_word' id='word_1_17' title='bbox 1166 283 1353 310; x_wconf 87' lang='lat' dir='ltr'>ceterorum</span> <span class='ocrx_word' id='word_1_18' title='bbox 1378 289 1443 310; x_wconf 89' lang='lat' dir='ltr'>non</span> <span class='ocrx_word' id='word_1_19' title='bbox 1468 278 1735 321; x_wconf 85' lang='lat' dir='ltr'>prehensilibus,</span> <span class='ocrx_word' id='word_1_20' title='bbox 1769 287 1802 312; x_wconf 89' lang='lat' dir='ltr'>et</span> <span class='ocrx_word' id='word_1_21' title='bbox 1835 283 1992 315; x_wconf 77' lang='lat' dir='ltr'><strong>antennis</strong></span> <span class='ocrx_word' id='word_1_22' title='bbox 2025 293 2081 316; x_wconf 86' lang='lat' dir='ltr'>su-</span> 
     </span>
     <span class='ocr_line' id='line_1_4' title="bbox 259 330 2080 380; baseline -0.002 -10"><span class='ocrx_word' id='word_1_23' title='bbox 259 337 446 380; x_wconf 89' lang='lat' dir='ltr'>perioribus</span> <span class='ocrx_word' id='word_1_24' title='bbox 470 336 666 368; x_wconf 87' lang='lat' dir='ltr'>inferiorum</span> <span class='ocrx_word' id='word_1_25' title='bbox 692 340 811 364; x_wconf 88' lang='lat' dir='ltr'>trunco</span> <span class='ocrx_word' id='word_1_26' title='bbox 835 331 1042 375; x_wconf 78' lang='lat' dir='ltr'>longioribus</span> <span class='ocrx_word' id='word_1_27' title='bbox 1066 330 1274 371; x_wconf 87' lang='lat' dir='ltr'>simplicique</span> <span class='ocrx_word' id='word_1_28' title='bbox 1297 330 1432 372; x_wconf 83' lang='lat' dir='ltr'>flagello</span> <span class='ocrx_word' id='word_1_29' title='bbox 1457 331 1633 362; x_wconf 86' lang='lat' dir='ltr'>instructis</span> <span class='ocrx_word' id='word_1_30' title='bbox 1655 332 1790 374; x_wconf 81' lang='lat' dir='ltr'>insigne</span> <span class='ocrx_word' id='word_1_31' title='bbox 1813 339 1874 365; x_wconf 88' lang='lat' dir='ltr'>est.</span> <span class='ocrx_word' id='word_1_32' title='bbox 1930 333 1996 365; x_wconf 89' lang='lat' dir='ltr'>Illa</span> <span class='ocrx_word' id='word_1_33' title='bbox 2023 345 2080 366; x_wconf 88' lang='lat' dir='ltr'>au-</span> 
     </span>
     <span class='ocr_line' id='line_1_5' title="bbox 259 381 2081 426; baseline -0.002 -4"><span class='ocrx_word' id='word_1_34' title='bbox 259 398 325 423; x_wconf 88' lang='lat' dir='ltr'>tem</span> <span class='ocrx_word' id='word_1_35' title='bbox 350 387 525 425; x_wconf 84' lang='lat' dir='ltr'>animalia,</span> <span class='ocrx_word' id='word_1_36' title='bbox 549 397 632 426; x_wconf 87' lang='lat' dir='ltr'>quae</span> <span class='ocrx_word' id='word_1_37' title='bbox 655 395 743 416; x_wconf 91' lang='lat' dir='ltr'>nunc</span> <span class='ocrx_word' id='word_1_38' title='bbox 765 384 969 422; x_wconf 81' lang='lat' dir='ltr'>describam,</span> <span class='ocrx_word' id='word_1_39' title='bbox 993 394 1065 415; x_wconf 91' lang='lat' dir='ltr'>cum</span> <span class='ocrx_word' id='word_1_40' title='bbox 1088 393 1213 424; x_wconf 83' lang='lat' dir='ltr'><strong>genere</strong></span> <span class='ocrx_word' id='word_1_41' title='bbox 1235 381 1439 422; x_wconf 82' lang='lat' dir='ltr'>Amphithoe</span> <span class='ocrx_word' id='word_1_42' title='bbox 1463 386 1682 415; x_wconf 83' lang='lat' dir='ltr'>antennarum</span> <span class='ocrx_word' id='word_1_43' title='bbox 1705 385 1833 424; x_wconf 90' lang='lat' dir='ltr'>quidem</span> <span class='ocrx_word' id='word_1_44' title='bbox 1849 391 2015 417; x_wconf 80' lang='lat' dir='ltr'><strong>structura</strong></span> <span class='ocrx_word' id='word_1_45' title='bbox 2026 396 2081 418; x_wconf 83' lang='lat' dir='ltr'>ce·</span> 
     </span>
     <span class='ocr_line' id='line_1_6' title="bbox 260 434 2082 482; baseline -0.003 -9"><span class='ocrx_word' id='word_1_46' title='bbox 260 450 470 482; x_wconf 80' lang='lat' dir='ltr'>teror-umque</span> <span class='ocrx_word' id='word_1_47' title='bbox 493 439 634 479; x_wconf 86' lang='lat' dir='ltr'>partium</span> <span class='ocrx_word' id='word_1_48' title='bbox 658 437 774 468; x_wconf 83' lang='lat' dir='ltr'>formis</span> <span class='ocrx_word' id='word_1_49' title='bbox 799 437 935 467; x_wconf 90' lang='lat' dir='ltr'>omnino</span> <span class='ocrx_word' id='word_1_50' title='bbox 960 435 1177 474; x_wconf 88' lang='lat' dir='ltr'>conveniunt,</span> <span class='ocrx_word' id='word_1_51' title='bbox 1201 434 1321 474; x_wconf 81' lang='lat' dir='ltr'>pedum</span> <span class='ocrx_word' id='word_1_52' title='bbox 1346 441 1456 465; x_wconf 86' lang='lat' dir='ltr'>autem</span> <span class='ocrx_word' id='word_1_53' title='bbox 1488 435 1626 466; x_wconf 88' lang='lat' dir='ltr'>secundi</span> <span class='ocrx_word' id='word_1_54' title='bbox 1654 436 1744 475; x_wconf 86' lang='lat' dir='ltr'>paris</span> <span class='ocrx_word' id='word_1_55' title='bbox 1767 437 2017 469; x_wconf 88' lang='lat' dir='ltr'>constructione</span> <span class='ocrx_word' id='word_1_56' title='bbox 2040 436 2082 470; x_wconf 91' lang='lat' dir='ltr'>ab</span> 
     </span>
     <span class='ocr_line' id='line_1_7' title="bbox 259 484 2082 531; baseline -0.002 -6"><span class='ocrx_word' id='word_1_57' title='bbox 259 494 312 525; x_wconf 90' lang='lat' dir='ltr'>his</span> <span class='ocrx_word' id='word_1_58' title='bbox 335 493 495 524; x_wconf 85' lang='lat' dir='ltr'>differunt</span> <span class='ocrx_word' id='word_1_59' title='bbox 518 496 552 521; x_wconf 90' lang='lat' dir='ltr'>et</span> <span class='ocrx_word' id='word_1_60' title='bbox 574 490 690 531; x_wconf 83' lang='lat' dir='ltr'><strong>generi</strong></span> <span class='ocrx_word' id='word_1_61' title='bbox 714 487 844 519; x_wconf 85' lang='lat' dir='ltr'>Talitro</span> <span class='ocrx_word' id='word_1_62' title='bbox 869 486 1034 518; x_wconf 78' lang='lat' dir='ltr'>similiora</span> <span class='ocrx_word' id='word_1_63' title='bbox 1057 491 1148 519; x_wconf 81' lang='lat' dir='ltr'>sunt.</span> <span class='ocrx_word' id='word_1_64' title='bbox 1192 486 1239 518; x_wconf 88' lang='lat' dir='ltr'>Hi</span> <span class='ocrx_word' id='word_1_65' title='bbox 1263 486 1350 517; x_wconf 90' lang='lat' dir='ltr'>enim</span> <span class='ocrx_word' id='word_1_66' title='bbox 1376 484 1480 518; x_wconf 82' lang='lat' dir='ltr'>chelis</span> <span class='ocrx_word' id='word_1_67' title='bbox 1503 487 1599 518; x_wconf 87' lang='lat' dir='ltr'>vacui</span> <span class='ocrx_word' id='word_1_68' title='bbox 1623 498 1686 519; x_wconf 91' lang='lat' dir='ltr'>nec</span> <span class='ocrx_word' id='word_1_69' title='bbox 1703 487 1744 518; x_wconf 88' lang='lat' dir='ltr'>ad</span> <span class='ocrx_word' id='word_1_70' title='bbox 1757 487 2015 528; x_wconf 79' lang='lat' dir='ltr'>comprehendas</span> <span class='ocrx_word' id='word_1_71' title='bbox 2027 498 2082 521; x_wconf 80' lang='lat' dir='ltr'>res</span> 
     </span>
     <span class='ocr_line' id='line_1_8' title="bbox 259 537 2084 585; baseline -0.002 -10"><span class='ocrx_word' id='word_1_72' title='bbox 259 545 328 585; x_wconf 81' lang='lat' dir='ltr'>apti</span> <span class='ocrx_word' id='word_1_73' title='bbox 353 554 414 576; x_wconf 91' lang='lat' dir='ltr'>nec</span> <span class='ocrx_word' id='word_1_74' title='bbox 438 543 477 574; x_wconf 90' lang='lat' dir='ltr'>ad</span> <span class='ocrx_word' id='word_1_75' title='bbox 501 540 718 584; x_wconf 82' lang='lat' dir='ltr'>gradiendum</span> <span class='ocrx_word' id='word_1_76' title='bbox 743 545 820 570; x_wconf 89' lang='lat' dir='ltr'>sunt</span> <span class='ocrx_word' id='word_1_77' title='bbox 845 538 993 578; x_wconf 86' lang='lat' dir='ltr'>habiles,</span> <span class='ocrx_word' id='word_1_78' title='bbox 1028 539 1086 570; x_wconf 90' lang='lat' dir='ltr'>sed</span> <span class='ocrx_word' id='word_1_79' title='bbox 1116 537 1247 570; x_wconf 84' lang='lat' dir='ltr'>debiles</span> <span class='ocrx_word' id='word_1_80' title='bbox 1282 538 1530 579; x_wconf 87' lang='lat' dir='ltr'>compressique</span> <span class='ocrx_word' id='word_1_81' title='bbox 1559 548 1578 569; x_wconf 87' lang='lat' dir='ltr'>a</span> <span class='ocrx_word' id='word_1_82' title='bbox 1601 537 1762 571; x_wconf 86' lang='lat' dir='ltr'>lateribus</span> <span class='ocrx_word' id='word_1_83' title='bbox 1786 545 1819 570; x_wconf 85' lang='lat' dir='ltr'>et</span> <span class='ocrx_word' id='word_1_84' title='bbox 1842 541 2001 572; x_wconf 83' lang='lat' dir='ltr'>contracti</span> <span class='ocrx_word' id='word_1_85' title='bbox 2025 550 2084 572; x_wconf 87' lang='lat' dir='ltr'>ce-</span> 
     </span>
     <span class='ocr_line' id='line_1_9' title="bbox 260 588 2084 636; baseline 0.001 -13"><span class='ocrx_word' id='word_1_86' title='bbox 260 597 407 636; x_wconf 67' lang='lat' dir='ltr'>terisque</span> <span class='ocrx_word' id='word_1_87' title='bbox 431 594 569 634; x_wconf 85' lang='lat' dir='ltr'>pedibus</span> <span class='ocrx_word' id='word_1_88' title='bbox 594 591 716 624; x_wconf 88' lang='lat' dir='ltr'>occulti</span> <span class='ocrx_word' id='word_1_89' title='bbox 742 592 962 630; x_wconf 84' lang='lat' dir='ltr'>reperiuntur.</span> <span class='ocrx_word' id='word_1_90' title='bbox 1019 589 1068 622; x_wconf 90' lang='lat' dir='ltr'>Ne</span> <span class='ocrx_word' id='word_1_91' title='bbox 1102 596 1212 621; x_wconf 91' lang='lat' dir='ltr'>autem</span> <span class='ocrx_word' id='word_1_92' title='bbox 1247 588 1334 620; x_wconf 90' lang='lat' dir='ltr'>fines</span> <span class='ocrx_word' id='word_1_93' title='bbox 1362 588 1461 630; x_wconf 75' lang='lat' dir='ltr'>huJus</span> <span class='ocrx_word' id='word_1_94' title='bbox 1494 590 1571 622; x_wconf 87' lang='lat' dir='ltr'>novi</span> <span class='ocrx_word' id='word_1_95' title='bbox 1595 591 1729 632; x_wconf 86' lang='lat' dir='ltr'>generis</span> <span class='ocrx_word' id='word_1_96' title='bbox 1753 592 1965 633; x_wconf 78' lang='lat' dir='ltr'>angustiores</span> <span class='ocrx_word' id='word_1_97' title='bbox 1989 591 2084 632; x_wconf 82' lang='lat' dir='ltr'>fiant,</span> 
     </span>
     <span class='ocr_line' id='line_1_10' title="bbox 260 640 2085 688; baseline -0.002 -9"><span class='ocrx_word' id='word_1_98' title='bbox 260 648 322 679; x_wconf 87' lang='lat' dir='ltr'>hac</span> <span class='ocrx_word' id='word_1_99' title='bbox 334 645 496 688; x_wconf 86' lang='lat' dir='ltr'>singulari</span> <span class='ocrx_word' id='word_1_100' title='bbox 509 645 626 685; x_wconf 91' lang='lat' dir='ltr'>pedum</span> <span class='ocrx_word' id='word_1_101' title='bbox 651 645 901 680; x_wconf 82' lang='lat' dir='ltr'>constructione</span> <span class='ocrx_word' id='word_1_102' title='bbox 926 653 991 673; x_wconf 91' lang='lat' dir='ltr'>non</span> <span class='ocrx_word' id='word_1_103' title='bbox 1016 649 1182 682; x_wconf 87' lang='lat' dir='ltr'>respecta,</span> <span class='ocrx_word' id='word_1_104' title='bbox 1207 651 1377 681; x_wconf 88' lang='lat' dir='ltr'>„quaeque</span> <span class='ocrx_word' id='word_1_105' title='bbox 1390 640 1600 681; x_wconf 88' lang='lat' dir='ltr'>Amphipoda</span> <span class='ocrx_word' id='word_1_106' title='bbox 1622 641 1800 674; x_wconf 79' lang='lat' dir='ltr'>saltatoria</span> <span class='ocrx_word' id='word_1_107' title='bbox 1824 642 1964 685; x_wconf 86' lang='lat' dir='ltr'>pedibus</span> <span class='ocrx_word' id='word_1_108' title='bbox 1988 644 2085 683; x_wconf 85' lang='lat' dir='ltr'>primi</span> 
     </span>
     <span class='ocr_line' id='line_1_11' title="bbox 262 693 2086 738; baseline -0.004 -6"><span class='ocrx_word' id='word_1_109' title='bbox 262 703 390 731; x_wconf 87' lang='lat' dir='ltr'>tantum</span> <span class='ocrx_word' id='word_1_110' title='bbox 415 699 505 738; x_wconf 83' lang='lat' dir='ltr'>paris</span> <span class='ocrx_word' id='word_1_111' title='bbox 529 695 718 732; x_wconf 76' lang='lat' dir='ltr'>obelisci-is,</span> <span class='ocrx_word' id='word_1_112' title='bbox 742 695 863 725; x_wconf 87' lang='lat' dir='ltr'>ceteris</span> <span class='ocrx_word' id='word_1_113' title='bbox 888 704 952 725; x_wconf 92' lang='lat' dir='ltr'>non</span> <span class='ocrx_word' id='word_1_114' title='bbox 978 693 1225 733; x_wconf 87' lang='lat' dir='ltr'>prehensilibus</span> <span class='ocrx_word' id='word_1_115' title='bbox 1250 700 1283 724; x_wconf 91' lang='lat' dir='ltr'>et</span> <span class='ocrx_word' id='word_1_116' title='bbox 1306 693 1463 724; x_wconf 85' lang='lat' dir='ltr'>antennis</span> <span class='ocrx_word' id='word_1_117' title='bbox 1488 693 1721 732; x_wconf 88' lang='lat' dir='ltr'>superioribus</span> <span class='ocrx_word' id='word_1_118' title='bbox 1745 694 1881 736; x_wconf 89' lang='lat' dir='ltr'>flagello</span> <span class='ocrx_word' id='word_1_119' title='bbox 1905 695 2086 727; x_wconf 84' lang='lat' dir='ltr'>auxiliario</span> 
     </span>
     <span class='ocr_line' id='line_1_12' title="bbox 261 744 1667 789; baseline -0.005 -5"><span class='ocrx_word' id='word_1_120' title='bbox 261 752 374 784; x_wconf 78' lang='lat' dir='ltr'>vacuis</span> <span class='ocrx_word' id='word_1_121' title='bbox 399 751 487 782; x_wconf 87' lang='lat' dir='ltr'>inter</span> <span class='ocrx_word' id='word_1_122' title='bbox 510 758 546 779; x_wconf 88' lang='lat' dir='ltr'>se</span> <span class='ocrx_word' id='word_1_123' title='bbox 571 752 772 789; x_wconf 86' lang='lat' dir='ltr'>congruunt,</span> <span class='ocrx_word' id='word_1_124' title='bbox 796 746 911 788; x_wconf 85' lang='lat' dir='ltr'>generi</span> <span class='ocrx_word' id='word_1_125' title='bbox 934 745 1157 785; x_wconf 86' lang='lat' dir='ltr'>Leptocheiro</span> <span class='ocrx_word' id='word_1_126' title='bbox 1181 744 1433 777; x_wconf 80' lang='lat' dir='ltr'>adnumeranda</span> <span class='ocrx_word' id='word_1_127' title='bbox 1455 745 1554 781; x_wconf 70' lang='lat' dir='ltr'>esse‘f</span> <span class='ocrx_word' id='word_1_128' title='bbox 1578 746 1667 786; x_wconf 79' lang='lat' dir='ltr'>puto.</span> 
     </span>
    </p>
   </div>
   <div class='ocr_carea' id='block_1_3' title="bbox 846 859 1498 895">
    <p class='ocr_par' dir='ltr' id='par_1_3' title="bbox 846 859 1498 895">
     <span class='ocr_line' id='line_1_13' title="bbox 846 859 1498 895; baseline 0 -8"><span class='ocrx_word' id='word_1_129' title='bbox 846 859 1150 895; x_wconf 68' lang='lat' dir='ltr'>meptoelnetrus</span> <span class='ocrx_word' id='word_1_130' title='bbox 1167 860 1329 894; x_wconf 69' lang='lat' dir='ltr'>pilosus</span> <span class='ocrx_word' id='word_1_131' title='bbox 1344 868 1404 888; x_wconf 78' lang='grc' dir='ltr'><em>που.</em></span> <span class='ocrx_word' id='word_1_132' title='bbox 1425 868 1498 895; x_wconf 74' lang='lat' dir='ltr'>spec.</span> 
     </span>
    </p>
   </div>
   <div class='ocr_carea' id='block_1_4' title="bbox 263 950 2095 1566">
    <p class='ocr_par' dir='ltr' id='par_1_4' title="bbox 263 950 2092 1361">
     <span class='ocr_line' id='line_1_14' title="bbox 380 950 2088 995; baseline -0.001 -9"><span class='ocrx_word' id='word_1_133' title='bbox 380 956 486 988; x_wconf 83' lang='lat' dir='ltr'>Frons</span> <span class='ocrx_word' id='word_1_134' title='bbox 521 953 673 986; x_wconf 81' lang='lat' dir='ltr'>inermis.</span> <span class='ocrx_word' id='word_1_135' title='bbox 729 952 906 984; x_wconf 86' lang='lat' dir='ltr'>Antennae</span> <span class='ocrx_word' id='word_1_136' title='bbox 941 953 1128 992; x_wconf 86' lang='lat' dir='ltr'>superiores</span> <span class='ocrx_word' id='word_1_137' title='bbox 1163 951 1333 983; x_wconf 91' lang='lat' dir='ltr'>dimidium</span> <span class='ocrx_word' id='word_1_138' title='bbox 1362 951 1432 984; x_wconf 90' lang='lat' dir='ltr'>fere</span> <span class='ocrx_word' id='word_1_139' title='bbox 1463 951 1610 991; x_wconf 87' lang='lat' dir='ltr'>corporis</span> <span class='ocrx_word' id='word_1_140' title='bbox 1639 950 1859 994; x_wconf 85' lang='lat' dir='ltr'>longitudinis</span> <span class='ocrx_word' id='word_1_141' title='bbox 1888 958 2088 995; x_wconf 80' lang='lat' dir='ltr'>exaequant,</span> 
     </span>
     <span class='ocr_line' id='line_1_15' title="bbox 265 1002 2087 1045; baseline -0.003 -4"><span class='ocrx_word' id='word_1_142' title='bbox 265 1009 373 1041; x_wconf 88' lang='lat' dir='ltr'>trunci</span> <span class='ocrx_word' id='word_1_143' title='bbox 397 1017 509 1039; x_wconf 88' lang='lat' dir='ltr'>earum</span> <span class='ocrx_word' id='word_1_144' title='bbox 533 1004 640 1037; x_wconf 85' lang='lat' dir='ltr'>tribus</span> <span class='ocrx_word' id='word_1_145' title='bbox 665 1003 833 1042; x_wconf 83' lang='lat' dir='ltr'>articulis,</span> <span class='ocrx_word' id='word_1_146' title='bbox 857 1003 1001 1035; x_wconf 91' lang='lat' dir='ltr'>articulo</span> <span class='ocrx_word' id='word_1_147' title='bbox 1024 1004 1131 1043; x_wconf 88' lang='lat' dir='ltr'>primo</span> <span class='ocrx_word' id='word_1_148' title='bbox 1155 1014 1288 1042; x_wconf 88' lang='lat' dir='ltr'>crasso,</span> <span class='ocrx_word' id='word_1_149' title='bbox 1312 1004 1459 1035; x_wconf 88' lang='lat' dir='ltr'>secundo</span> <span class='ocrx_word' id='word_1_150' title='bbox 1481 1002 1544 1035; x_wconf 91' lang='lat' dir='ltr'>hoc</span> <span class='ocrx_word' id='word_1_151' title='bbox 1556 1003 1661 1035; x_wconf 90' lang='lat' dir='ltr'>multo</span> <span class='ocrx_word' id='word_1_152' title='bbox 1680 1002 1831 1045; x_wconf 86' lang='lat' dir='ltr'>longiore</span> <span class='ocrx_word' id='word_1_153' title='bbox 1854 1007 1886 1035; x_wconf 89' lang='lat' dir='ltr'>et</span> <span class='ocrx_word' id='word_1_154' title='bbox 1899 1003 2087 1045; x_wconf 82' lang='lat' dir='ltr'>graciliore,</span> 
     </span>
     <span class='ocr_line' id='line_1_16' title="bbox 264 1054 2088 1099; baseline -0.003 -6"><span class='ocrx_word' id='word_1_155' title='bbox 264 1061 366 1093; x_wconf 86' lang='lat' dir='ltr'>tertio</span> <span class='ocrx_word' id='word_1_156' title='bbox 388 1068 489 1099; x_wconf 89' lang='lat' dir='ltr'>parvo</span> <span class='ocrx_word' id='word_1_157' title='bbox 514 1064 548 1089; x_wconf 89' lang='lat' dir='ltr'>et</span> <span class='ocrx_word' id='word_1_158' title='bbox 571 1057 663 1088; x_wconf 90' lang='lat' dir='ltr'>tenui</span> <span class='ocrx_word' id='word_1_159' title='bbox 687 1054 881 1098; x_wconf 89' lang='lat' dir='ltr'>flagellique</span> <span class='ocrx_word' id='word_1_160' title='bbox 905 1054 1058 1087; x_wconf 84' lang='lat' dir='ltr'>articulis</span> <span class='ocrx_word' id='word_1_161' title='bbox 1084 1065 1148 1086; x_wconf 90' lang='lat' dir='ltr'>non</span> <span class='ocrx_word' id='word_1_162' title='bbox 1174 1054 1333 1086; x_wconf 86' lang='lat' dir='ltr'>dissimili</span> <span class='ocrx_word' id='word_1_163' title='bbox 1356 1061 1608 1096; x_wconf 88' lang='lat' dir='ltr'>componuntur.</span> <span class='ocrx_word' id='word_1_164' title='bbox 1654 1054 1841 1097; x_wconf 84' lang='lat' dir='ltr'>Flagellum</span> <span class='ocrx_word' id='word_1_165' title='bbox 1860 1062 1976 1087; x_wconf 91' lang='lat' dir='ltr'>trunco</span> <span class='ocrx_word' id='word_1_166' title='bbox 1988 1054 2088 1095; x_wconf 91' lang='lat' dir='ltr'>paulo</span> 
     </span>
     <span class='ocr_line' id='line_1_17' title="bbox 263 1105 2090 1154; baseline -0.002 -11"><span class='ocrx_word' id='word_1_167' title='bbox 263 1112 398 1154; x_wconf 89' lang='lat' dir='ltr'>longius</span> <span class='ocrx_word' id='word_1_168' title='bbox 422 1121 467 1141; x_wconf 82' lang='lat' dir='ltr'>ex</span> <span class='ocrx_word' id='word_1_169' title='bbox 491 1109 661 1140; x_wconf 83' lang='lat' dir='ltr'>duodecim</span> <span class='ocrx_word' id='word_1_170' title='bbox 685 1108 755 1138; x_wconf 88' lang='lat' dir='ltr'>fere</span> <span class='ocrx_word' id='word_1_171' title='bbox 781 1106 937 1139; x_wconf 86' lang='lat' dir='ltr'>articulis</span> <span class='ocrx_word' id='word_1_172' title='bbox 961 1113 1103 1138; x_wconf 89' lang='lat' dir='ltr'>constat.</span> <span class='ocrx_word' id='word_1_173' title='bbox 1149 1106 1327 1138; x_wconf 91' lang='lat' dir='ltr'>Antennae</span> <span class='ocrx_word' id='word_1_174' title='bbox 1350 1106 1527 1138; x_wconf 86' lang='lat' dir='ltr'>inferiores</span> <span class='ocrx_word' id='word_1_175' title='bbox 1556 1105 1781 1146; x_wconf 89' lang='lat' dir='ltr'>superioribus</span> <span class='ocrx_word' id='word_1_176' title='bbox 1810 1108 1978 1138; x_wconf 88' lang='lat' dir='ltr'>breviores</span> <span class='ocrx_word' id='word_1_177' title='bbox 2002 1113 2090 1141; x_wconf 88' lang='lat' dir='ltr'>sunt.</span> 
     </span>
     <span class='ocr_line' id='line_1_18' title="bbox 264 1157 2090 1200; baseline -0.003 -5"><span class='ocrx_word' id='word_1_178' title='bbox 264 1163 396 1197; x_wconf 88' lang='lat' dir='ltr'>Trunci</span> <span class='ocrx_word' id='word_1_179' title='bbox 430 1171 542 1193; x_wconf 87' lang='lat' dir='ltr'>earum</span> <span class='ocrx_word' id='word_1_180' title='bbox 578 1161 703 1200; x_wconf 90' lang='lat' dir='ltr'>primus</span> <span class='ocrx_word' id='word_1_181' title='bbox 738 1157 900 1190; x_wconf 82' lang='lat' dir='ltr'>articulus</span> <span class='ocrx_word' id='word_1_182' title='bbox 934 1159 1046 1190; x_wconf 87' lang='lat' dir='ltr'>brevis</span> <span class='ocrx_word' id='word_1_183' title='bbox 1071 1158 1350 1189; x_wconf 87' lang='lat' dir='ltr'>et-crassitudine</span> <span class='ocrx_word' id='word_1_184' title='bbox 1373 1158 1517 1200; x_wconf 87' lang='lat' dir='ltr'>insignis</span> <span class='ocrx_word' id='word_1_185' title='bbox 1542 1163 1610 1197; x_wconf 90' lang='lat' dir='ltr'>est,</span> <span class='ocrx_word' id='word_1_186' title='bbox 1643 1157 1730 1189; x_wconf 88' lang='lat' dir='ltr'>alter</span> <span class='ocrx_word' id='word_1_187' title='bbox 1752 1157 1855 1189; x_wconf 90' lang='lat' dir='ltr'>multo</span> <span class='ocrx_word' id='word_1_188' title='bbox 1878 1157 2034 1200; x_wconf 82' lang='lat' dir='ltr'>gracilior</span> <span class='ocrx_word' id='word_1_189' title='bbox 2056 1165 2090 1190; x_wconf 90' lang='lat' dir='ltr'>et</span> 
     </span>
     <span class='ocr_line' id='line_1_19' title="bbox 265 1209 2090 1255; baseline -0.003 -8"><span class='ocrx_word' id='word_1_190' title='bbox 265 1216 412 1248; x_wconf 89' lang='lat' dir='ltr'>omnium</span> <span class='ocrx_word' id='word_1_191' title='bbox 435 1213 653 1255; x_wconf 88' lang='lat' dir='ltr'>longissimus</span> <span class='ocrx_word' id='word_1_192' title='bbox 678 1221 783 1251; x_wconf 86' lang='lat' dir='ltr'>paene</span> <span class='ocrx_word' id='word_1_193' title='bbox 807 1211 848 1241; x_wconf 90' lang='lat' dir='ltr'>ad</span> <span class='ocrx_word' id='word_1_194' title='bbox 872 1211 997 1249; x_wconf 88' lang='lat' dir='ltr'>apicem</span> <span class='ocrx_word' id='word_1_195' title='bbox 1020 1220 1126 1252; x_wconf 90' lang='lat' dir='ltr'>usque</span> <span class='ocrx_word' id='word_1_196' title='bbox 1150 1209 1287 1241; x_wconf 87' lang='lat' dir='ltr'>articuli</span> <span class='ocrx_word' id='word_1_197' title='bbox 1310 1209 1450 1241; x_wconf 85' lang='lat' dir='ltr'>secundi</span> <span class='ocrx_word' id='word_1_198' title='bbox 1474 1215 1694 1240; x_wconf 88' lang='lat' dir='ltr'>antennarum</span> <span class='ocrx_word' id='word_1_199' title='bbox 1713 1209 1921 1249; x_wconf 88' lang='lat' dir='ltr'>superiorum</span> <span class='ocrx_word' id='word_1_200' title='bbox 1934 1210 2090 1250; x_wconf 85' lang='lat' dir='ltr'>pertinet,</span> 
     </span>
     <span class='ocr_line' id='line_1_20' title="bbox 265 1260 2091 1304; baseline -0.003 -5"><span class='ocrx_word' id='word_1_201' title='bbox 265 1268 385 1299; x_wconf 84' lang='lat' dir='ltr'>tertius</span> <span class='ocrx_word' id='word_1_202' title='bbox 410 1265 558 1297; x_wconf 90' lang='lat' dir='ltr'>secundo</span> <span class='ocrx_word' id='word_1_203' title='bbox 582 1263 731 1302; x_wconf 89' lang='lat' dir='ltr'>brevior,</span> <span class='ocrx_word' id='word_1_204' title='bbox 754 1263 861 1302; x_wconf 88' lang='lat' dir='ltr'>primo</span> <span class='ocrx_word' id='word_1_205' title='bbox 885 1261 1034 1303; x_wconf 87' lang='lat' dir='ltr'>longior,</span> <span class='ocrx_word' id='word_1_206' title='bbox 1060 1269 1211 1294; x_wconf 85' lang='lat' dir='ltr'>truncum</span> <span class='ocrx_word' id='word_1_207' title='bbox 1235 1267 1455 1292; x_wconf 89' lang='lat' dir='ltr'>antennarum</span> <span class='ocrx_word' id='word_1_208' title='bbox 1478 1261 1687 1300; x_wconf 87' lang='lat' dir='ltr'>superiorum</span> <span class='ocrx_word' id='word_1_209' title='bbox 1711 1260 1811 1304; x_wconf 89' lang='lat' dir='ltr'>longe</span> <span class='ocrx_word' id='word_1_210' title='bbox 1835 1267 1979 1301; x_wconf 88' lang='lat' dir='ltr'>superat.</span> <span class='ocrx_word' id='word_1_211' title='bbox 2006 1260 2091 1294; x_wconf 82' lang='lat' dir='ltr'>&#39;Fla-</span> 
     </span>
     <span class='ocr_line' id='line_1_21' title="bbox 266 1311 2092 1361; baseline -0.003 -11"><span class='ocrx_word' id='word_1_212' title='bbox 266 1318 390 1361; x_wconf 85' lang='lat' dir='ltr'>gellum</span> <span class='ocrx_word' id='word_1_213' title='bbox 414 1322 530 1348; x_wconf 88' lang='lat' dir='ltr'>trunco</span> <span class='ocrx_word' id='word_1_214' title='bbox 554 1315 658 1347; x_wconf 91' lang='lat' dir='ltr'>multo</span> <span class='ocrx_word' id='word_1_215' title='bbox 681 1314 816 1346; x_wconf 89' lang='lat' dir='ltr'>brevius</span> <span class='ocrx_word' id='word_1_216' title='bbox 840 1320 969 1353; x_wconf 86' lang='lat' dir='ltr'>septem</span> <span class='ocrx_word' id='word_1_217' title='bbox 992 1317 1121 1346; x_wconf 86' lang='lat' dir='ltr'>tantum</span> <span class='ocrx_word' id='word_1_218' title='bbox 1144 1314 1216 1344; x_wconf 86' lang='lat' dir='ltr'>fere</span> <span class='ocrx_word' id='word_1_219' title='bbox 1239 1312 1391 1345; x_wconf 87' lang='lat' dir='ltr'>articulis</span> <span class='ocrx_word' id='word_1_220' title='bbox 1415 1313 1631 1353; x_wconf 89' lang='lat' dir='ltr'>compositum</span> <span class='ocrx_word' id='word_1_221' title='bbox 1655 1319 1715 1345; x_wconf 90' lang='lat' dir='ltr'>est.</span> <span class='ocrx_word' id='word_1_222' title='bbox 1746 1329 1788 1336; x_wconf 93' lang='lat'><em>-</em></span> <span class='ocrx_word' id='word_1_223' title='bbox 1823 1311 1925 1344; x_wconf 88' lang='lat' dir='ltr'>Oculi</span> <span class='ocrx_word' id='word_1_224' title='bbox 1948 1313 2092 1347; x_wconf 87' lang='lat' dir='ltr'>rotundi.</span> 
     </span>
    </p>

    <p class='ocr_par' dir='ltr' id='par_1_5' title="bbox 266 1363 2095 1566">
     <span class='ocr_line' id='line_1_22' title="bbox 384 1363 2091 1405; baseline -0.003 -5"><span class='ocrx_word' id='word_1_225' title='bbox 384 1367 658 1400; x_wconf 87' lang='lat' dir='ltr'>Mandibularum</span> <span class='ocrx_word' id='word_1_226' title='bbox 682 1364 771 1405; x_wconf 86' lang='lat' dir='ltr'>palpi</span> <span class='ocrx_word' id='word_1_227' title='bbox 795 1377 812 1397; x_wconf 89' lang='lat' dir='ltr'>e</span> <span class='ocrx_word' id='word_1_228' title='bbox 836 1365 944 1397; x_wconf 90' lang='lat' dir='ltr'>tribus</span> <span class='ocrx_word' id='word_1_229' title='bbox 969 1365 1122 1397; x_wconf 87' lang='lat' dir='ltr'>articulis</span> <span class='ocrx_word' id='word_1_230' title='bbox 1146 1371 1311 1402; x_wconf 83' lang='lat' dir='ltr'>constant,</span> <span class='ocrx_word' id='word_1_231' title='bbox 1335 1365 1487 1397; x_wconf 88' lang='lat' dir='ltr'>articulis</span> <span class='ocrx_word' id='word_1_232' title='bbox 1511 1375 1616 1404; x_wconf 88' lang='lat' dir='ltr'>paene</span> <span class='ocrx_word' id='word_1_233' title='bbox 1639 1365 1727 1396; x_wconf 87' lang='lat' dir='ltr'>inter</span> <span class='ocrx_word' id='word_1_234' title='bbox 1748 1375 1786 1397; x_wconf 86' lang='lat' dir='ltr'>se</span> <span class='ocrx_word' id='word_1_235' title='bbox 1810 1363 2016 1404; x_wconf 83' lang='lat' dir='ltr'>aequalibus,</span> <span class='ocrx_word' id='word_1_236' title='bbox 2037 1363 2091 1396; x_wconf 88' lang='lat' dir='ltr'>ul-</span> 
     </span>
     <span class='ocr_line' id='line_1_23' title="bbox 268 1417 2092 1461; baseline -0.002 -9"><span class='ocrx_word' id='word_1_237' title='bbox 268 1422 349 1453; x_wconf 88' lang='lat' dir='ltr'>timo</span> <span class='ocrx_word' id='word_1_238' title='bbox 371 1421 490 1461; x_wconf 59' lang='lat' dir='ltr'>pilosa</span> <span class='ocrx_word' id='word_1_239' title='bbox 535 1417 756 1451; x_wconf 84' lang='lat' dir='ltr'>Maxillarum</span> <span class='ocrx_word' id='word_1_240' title='bbox 779 1418 869 1457; x_wconf 87' lang='lat' dir='ltr'>paris</span> <span class='ocrx_word' id='word_1_241' title='bbox 893 1418 991 1457; x_wconf 89' lang='lat' dir='ltr'>primi</span> <span class='ocrx_word' id='word_1_242' title='bbox 1014 1417 1147 1450; x_wconf 90' lang='lat' dir='ltr'>lobulus</span> <span class='ocrx_word' id='word_1_243' title='bbox 1172 1418 1323 1449; x_wconf 89' lang='lat' dir='ltr'>internus</span> <span class='ocrx_word' id='word_1_244' title='bbox 1347 1423 1508 1459; x_wconf 87' lang='lat' dir='ltr'>angustus</span> <span class='ocrx_word' id='word_1_245' title='bbox 1532 1419 1566 1447; x_wconf 87' lang='lat' dir='ltr'>et</span> <span class='ocrx_word' id='word_1_246' title='bbox 1588 1418 1681 1456; x_wconf 86' lang='lat' dir='ltr'>apice</span> <span class='ocrx_word' id='word_1_247' title='bbox 1705 1427 1771 1448; x_wconf 88' lang='lat' dir='ltr'>uno</span> <span class='ocrx_word' id='word_1_248' title='bbox 1794 1417 1894 1448; x_wconf 87' lang='lat' dir='ltr'>dente</span> <span class='ocrx_word' id='word_1_249' title='bbox 1906 1421 2002 1448; x_wconf 86' lang='lat' dir='ltr'>acuto</span> <span class='ocrx_word' id='word_1_250' title='bbox 2016 1427 2092 1448; x_wconf 80' lang='lat' dir='ltr'>cur-</span> 
     </span>
     <span class='ocr_line' id='line_1_24' title="bbox 266 1467 2095 1512; baseline -0.003 -8"><span class='ocrx_word' id='word_1_251' title='bbox 266 1479 408 1512; x_wconf 87' lang='lat' dir='ltr'>vatoque</span> <span class='ocrx_word' id='word_1_252' title='bbox 431 1473 633 1509; x_wconf 89' lang='lat' dir='ltr'>instructus,</span> <span class='ocrx_word' id='word_1_253' title='bbox 656 1469 754 1501; x_wconf 87' lang='lat' dir='ltr'>lobus</span> <span class='ocrx_word' id='word_1_254' title='bbox 777 1475 939 1501; x_wconf 87' lang='lat' dir='ltr'>externus</span> <span class='ocrx_word' id='word_1_255' title='bbox 964 1473 1088 1512; x_wconf 88' lang='lat' dir='ltr'>major,</span> <span class='ocrx_word' id='word_1_256' title='bbox 1110 1470 1262 1511; x_wconf 87' lang='lat' dir='ltr'>margine</span> <span class='ocrx_word' id='word_1_257' title='bbox 1285 1479 1406 1509; x_wconf 87' lang='lat' dir='ltr'>supero</span> <span class='ocrx_word' id='word_1_258' title='bbox 1430 1467 1584 1500; x_wconf 88' lang='lat' dir='ltr'>dentibus</span> <span class='ocrx_word' id='word_1_259' title='bbox 1605 1467 1801 1499; x_wconf 85' lang='lat' dir='ltr'>fortioribus</span> <span class='ocrx_word' id='word_1_260' title='bbox 1826 1467 1955 1508; x_wconf 89' lang='lat' dir='ltr'>obsito,</span> <span class='ocrx_word' id='word_1_261' title='bbox 1979 1468 2095 1509; x_wconf 87' lang='lat' dir='ltr'>palpus</span> 
     </span>
     <span class='ocr_line' id='line_1_25' title="bbox 269 1519 2095 1566; baseline -0.002 -10"><span class='ocrx_word' id='word_1_262' title='bbox 269 1530 431 1566; x_wconf 81' lang='lat' dir='ltr'>angustus</span> <span class='ocrx_word' id='word_1_263' title='bbox 456 1530 489 1554; x_wconf 91' lang='lat' dir='ltr'>et</span> <span class='ocrx_word' id='word_1_264' title='bbox 513 1523 652 1555; x_wconf 89' lang='lat' dir='ltr'>linearis</span> <span class='ocrx_word' id='word_1_265' title='bbox 677 1527 710 1552; x_wconf 89' lang='lat' dir='ltr'>et</span> <span class='ocrx_word' id='word_1_266' title='bbox 734 1521 828 1562; x_wconf 86' lang='lat' dir='ltr'>apice</span> <span class='ocrx_word' id='word_1_267' title='bbox 852 1520 1008 1553; x_wconf 88' lang='lat' dir='ltr'>dentibus</span> <span class='ocrx_word' id='word_1_268' title='bbox 1031 1522 1213 1562; x_wconf 86' lang='lat' dir='ltr'>praeditus.</span> <span class='ocrx_word' id='word_1_269' title='bbox 1282 1521 1412 1553; x_wconf 89' lang='lat' dir='ltr'>Pedum</span> <span class='ocrx_word' id='word_1_270' title='bbox 1440 1519 1694 1552; x_wconf 84' lang='lat' dir='ltr'>maxillosorum</span> <span class='ocrx_word' id='word_1_271' title='bbox 1718 1519 1807 1559; x_wconf 90' lang='lat' dir='ltr'>palpi</span> <span class='ocrx_word' id='word_1_272' title='bbox 1830 1530 1848 1551; x_wconf 90' lang='lat' dir='ltr'>e</span> <span class='ocrx_word' id='word_1_273' title='bbox 1873 1523 2015 1560; x_wconf 87' lang='lat' dir='ltr'>quatuor</span> <span class='ocrx_word' id='word_1_274' title='bbox 2039 1530 2095 1552; x_wconf 84' lang='lat' dir='ltr'>ar·</span> 
     </span>
    </p>
   </div>
   <div class='ocr_carea' id='block_1_5' title="bbox 269 1570 2095 1668">
    <p class='ocr_par' dir='ltr' id='par_1_6' title="bbox 269 1570 2095 1668">
     <span class='ocr_line' id='line_1_26' title="bbox 269 1570 2095 1614; baseline -0.002 -8"><span class='ocrx_word' id='word_1_275' title='bbox 269 1577 384 1608; x_wconf 86' lang='lat' dir='ltr'>ticulis</span> <span class='ocrx_word' id='word_1_276' title='bbox 417 1577 588 1613; x_wconf 84' lang='lat' dir='ltr'>constant,</span> <span class='ocrx_word' id='word_1_277' title='bbox 625 1583 761 1614; x_wconf 90' lang='lat' dir='ltr'>quorum</span> <span class='ocrx_word' id='word_1_278' title='bbox 796 1572 859 1604; x_wconf 87' lang='lat' dir='ltr'>duo</span> <span class='ocrx_word' id='word_1_279' title='bbox 896 1574 999 1606; x_wconf 86' lang='lat' dir='ltr'>erecti</span> <span class='ocrx_word' id='word_1_280' title='bbox 1032 1580 1158 1614; x_wconf 87' lang='lat' dir='ltr'>partem</span> <span class='ocrx_word' id='word_1_281' title='bbox 1189 1572 1356 1613; x_wconf 87' lang='lat' dir='ltr'>basalem,</span> <span class='ocrx_word' id='word_1_282' title='bbox 1391 1572 1455 1604; x_wconf 87' lang='lat' dir='ltr'>duo</span> <span class='ocrx_word' id='word_1_283' title='bbox 1477 1571 1598 1604; x_wconf 86' lang='lat' dir='ltr'>inflexi</span> <span class='ocrx_word' id='word_1_284' title='bbox 1627 1578 1661 1602; x_wconf 87' lang='lat' dir='ltr'>et</span> <span class='ocrx_word' id='word_1_285' title='bbox 1685 1570 1786 1612; x_wconf 88' lang='lat' dir='ltr'>pilosi</span> <span class='ocrx_word' id='word_1_286' title='bbox 1808 1575 1935 1611; x_wconf 87' lang='lat' dir='ltr'>partem</span> <span class='ocrx_word' id='word_1_287' title='bbox 1958 1570 2095 1603; x_wconf 89' lang='lat' dir='ltr'>finalem</span> 
     </span>
     <span class='ocr_line' id='line_1_27' title="bbox 271 1634 482 1668; baseline -0.014 -8"><span class='ocrx_word' id='word_1_288' title='bbox 271 1634 482 1668; x_wconf 84' lang='lat' dir='ltr'>componunt.</span> 
     </span>
    </p>
   </div>
   <div class='ocr_carea' id='block_1_6' title="bbox 272 1682 2097 2093">
    <p class='ocr_par' dir='ltr' id='par_1_7' title="bbox 272 1682 2097 2093">
     <span class='ocr_line' id='line_1_28' title="bbox 391 1682 2095 1727; baseline -0.002 -9"><span class='ocrx_word' id='word_1_289' title='bbox 391 1687 497 1718; x_wconf 88' lang='lat' dir='ltr'>Pedes</span> <span class='ocrx_word' id='word_1_290' title='bbox 520 1687 618 1726; x_wconf 90' lang='lat' dir='ltr'>primi</span> <span class='ocrx_word' id='word_1_291' title='bbox 642 1690 730 1727; x_wconf 89' lang='lat' dir='ltr'>paris</span> <span class='ocrx_word' id='word_1_292' title='bbox 755 1686 864 1723; x_wconf 87' lang='lat' dir='ltr'>chelis</span> <span class='ocrx_word' id='word_1_293' title='bbox 888 1686 1000 1726; x_wconf 86' lang='lat' dir='ltr'>parvis</span> <span class='ocrx_word' id='word_1_294' title='bbox 1023 1686 1176 1718; x_wconf 85' lang='lat' dir='ltr'>instructi</span> <span class='ocrx_word' id='word_1_295' title='bbox 1201 1688 1288 1719; x_wconf 82' lang='lat' dir='ltr'>sunt.</span> <span class='ocrx_word' id='word_1_296' title='bbox 1323 1683 1495 1718; x_wconf 83' lang='lat' dir='ltr'>Articulus</span> <span class='ocrx_word' id='word_1_297' title='bbox 1520 1694 1634 1716; x_wconf 89' lang='lat' dir='ltr'>eorum</span> <span class='ocrx_word' id='word_1_298' title='bbox 1657 1683 1781 1725; x_wconf 86' lang='lat' dir='ltr'>primus</span> <span class='ocrx_word' id='word_1_299' title='bbox 1794 1682 1916 1725; x_wconf 87' lang='lat' dir='ltr'>longus</span> <span class='ocrx_word' id='word_1_300' title='bbox 1930 1682 2095 1725; x_wconf 83' lang='lat' dir='ltr'>margine-</span> 
     </span>
     <span class='ocr_line' id='line_1_29' title="bbox 272 1734 2096 1780; baseline -0.003 -10"><span class='ocrx_word' id='word_1_301' title='bbox 272 1749 334 1780; x_wconf 86' lang='lat' dir='ltr'>que</span> <span class='ocrx_word' id='word_1_302' title='bbox 357 1739 524 1770; x_wconf 92' lang='lat' dir='ltr'>anteriore</span> <span class='ocrx_word' id='word_1_303' title='bbox 548 1738 626 1778; x_wconf 90' lang='lat' dir='ltr'>pilis</span> <span class='ocrx_word' id='word_1_304' title='bbox 650 1739 878 1778; x_wconf 85' lang='lat' dir='ltr'>brevissimis,</span> <span class='ocrx_word' id='word_1_305' title='bbox 902 1739 1090 1779; x_wconf 85' lang='lat' dir='ltr'>posteriore</span> <span class='ocrx_word' id='word_1_306' title='bbox 1115 1738 1230 1778; x_wconf 84' lang='lat' dir='ltr'>paucis</span> <span class='ocrx_word' id='word_1_307' title='bbox 1266 1744 1299 1768; x_wconf 89' lang='lat' dir='ltr'>et</span> <span class='ocrx_word' id='word_1_308' title='bbox 1327 1736 1438 1780; x_wconf 87' lang='lat' dir='ltr'>longis</span> <span class='ocrx_word' id='word_1_309' title='bbox 1468 1736 1596 1768; x_wconf 90' lang='lat' dir='ltr'>obsitus</span> <span class='ocrx_word' id='word_1_310' title='bbox 1631 1741 1699 1777; x_wconf 83' lang='lat' dir='ltr'>est3</span> <span class='ocrx_word' id='word_1_311' title='bbox 1733 1734 1896 1766; x_wconf 86' lang='lat' dir='ltr'>articulus</span> <span class='ocrx_word' id='word_1_312' title='bbox 1931 1735 2096 1766; x_wconf 87' lang='lat' dir='ltr'>secundus</span> 
     </span>
     <span class='ocr_line' id='line_1_30' title="bbox 273 1786 2096 1837; baseline -0.003 -15"><span class='ocrx_word' id='word_1_313' title='bbox 273 1798 306 1822; x_wconf 88' lang='lat' dir='ltr'>et</span> <span class='ocrx_word' id='word_1_314' title='bbox 329 1791 447 1822; x_wconf 88' lang='lat' dir='ltr'>tertius</span> <span class='ocrx_word' id='word_1_315' title='bbox 472 1789 661 1823; x_wconf 88' lang='lat' dir='ltr'>brevissimi</span> <span class='ocrx_word' id='word_1_316' title='bbox 685 1795 900 1837; x_wconf 86' lang='lat' dir='ltr'>margineque</span> <span class='ocrx_word' id='word_1_317' title='bbox 924 1790 1088 1821; x_wconf 90' lang='lat' dir='ltr'>inferiore</span> <span class='ocrx_word' id='word_1_318' title='bbox 1110 1789 1189 1829; x_wconf 84' lang='lat' dir='ltr'>pilis</span> <span class='ocrx_word' id='word_1_319' title='bbox 1213 1789 1322 1830; x_wconf 89' lang='lat' dir='ltr'>longis</span> <span class='ocrx_word' id='word_1_320' title='bbox 1359 1795 1392 1819; x_wconf 90' lang='lat' dir='ltr'>et</span> <span class='ocrx_word' id='word_1_321' title='bbox 1415 1799 1522 1828; x_wconf 89' lang='lat' dir='ltr'>paene</span> <span class='ocrx_word' id='word_1_322' title='bbox 1552 1789 1699 1828; x_wconf 88' lang='lat' dir='ltr'>quintum</span> <span class='ocrx_word' id='word_1_323' title='bbox 1725 1786 1899 1818; x_wconf 82' lang='lat' dir='ltr'>articulum</span> <span class='ocrx_word' id='word_1_324' title='bbox 1930 1787 2096 1829; x_wconf 88' lang='lat' dir='ltr'>attingen-</span> 
     </span>
     <span class='ocr_line' id='line_1_31' title="bbox 272 1837 2097 1884; baseline -0.002 -10"><span class='ocrx_word' id='word_1_325' title='bbox 272 1842 364 1874; x_wconf 88' lang='lat' dir='ltr'>tibus</span> <span class='ocrx_word' id='word_1_326' title='bbox 389 1842 544 1874; x_wconf 88' lang='lat' dir='ltr'>instructi</span> <span class='ocrx_word' id='word_1_327' title='bbox 568 1848 661 1880; x_wconf 88' lang='lat' dir='ltr'>sunt;</span> <span class='ocrx_word' id='word_1_328' title='bbox 685 1845 845 1877; x_wconf 89' lang='lat' dir='ltr'>articulus</span> <span class='ocrx_word' id='word_1_329' title='bbox 870 1849 1005 1884; x_wconf 88' lang='lat' dir='ltr'>quartus</span> <span class='ocrx_word' id='word_1_330' title='bbox 1028 1840 1133 1872; x_wconf 88' lang='lat' dir='ltr'>multo</span> <span class='ocrx_word' id='word_1_331' title='bbox 1157 1844 1210 1872; x_wconf 90' lang='lat' dir='ltr'>est</span> <span class='ocrx_word' id='word_1_332' title='bbox 1238 1840 1386 1882; x_wconf 88' lang='lat' dir='ltr'>longior,</span> <span class='ocrx_word' id='word_1_333' title='bbox 1422 1850 1519 1880; x_wconf 87' lang='lat' dir='ltr'>quam</span> <span class='ocrx_word' id='word_1_334' title='bbox 1554 1842 1588 1871; x_wconf 94' lang='lat' dir='ltr'>in</span> <span class='ocrx_word' id='word_1_335' title='bbox 1624 1839 1761 1879; x_wconf 90' lang='lat' dir='ltr'>pedibus</span> <span class='ocrx_word' id='word_1_336' title='bbox 1791 1838 1930 1870; x_wconf 88' lang='lat' dir='ltr'>chelatis</span> <span class='ocrx_word' id='word_1_337' title='bbox 1960 1837 2097 1870; x_wconf 85' lang='lat' dir='ltr'>solitum</span> 
     </span>
     <span class='ocr_line' id='line_1_32' title="bbox 274 1888 2096 1935; baseline -0.003 -10"><span class='ocrx_word' id='word_1_338' title='bbox 274 1901 341 1934; x_wconf 86' lang='lat' dir='ltr'>est,</span> <span class='ocrx_word' id='word_1_339' title='bbox 366 1900 399 1925; x_wconf 92' lang='lat' dir='ltr'>et</span> <span class='ocrx_word' id='word_1_340' title='bbox 423 1894 585 1926; x_wconf 86' lang='lat' dir='ltr'>articulos</span> <span class='ocrx_word' id='word_1_341' title='bbox 609 1896 689 1927; x_wconf 87' lang='lat' dir='ltr'>duos</span> <span class='ocrx_word' id='word_1_342' title='bbox 714 1897 955 1929; x_wconf 80' lang='lat' dir='ltr'>antecedentes</span> <span class='ocrx_word' id='word_1_343' title='bbox 980 1893 1208 1935; x_wconf 87' lang='lat' dir='ltr'>magnitudine</span> <span class='ocrx_word' id='word_1_344' title='bbox 1232 1899 1385 1932; x_wconf 85' lang='lat' dir='ltr'>superat,</span> <span class='ocrx_word' id='word_1_345' title='bbox 1419 1893 1569 1934; x_wconf 86' lang='lat' dir='ltr'>margine</span> <span class='ocrx_word' id='word_1_346' title='bbox 1597 1891 1757 1922; x_wconf 89' lang='lat' dir='ltr'>inferiore</span> <span class='ocrx_word' id='word_1_347' title='bbox 1780 1890 1904 1930; x_wconf 82' lang='lat' dir='ltr'>piloso3</span> <span class='ocrx_word' id='word_1_348' title='bbox 1939 1888 2096 1921; x_wconf 73' lang='lat' dir='ltr'>articulus</span> 
     </span>
     <span class='ocr_line' id='line_1_33' title="bbox 275 1939 2097 1988; baseline -0.002 -12"><span class='ocrx_word' id='word_1_349' title='bbox 275 1948 409 1986; x_wconf 85' lang='lat' dir='ltr'>quintus</span> <span class='ocrx_word' id='word_1_350' title='bbox 445 1939 576 1977; x_wconf 84' lang='lat' dir='ltr'>manum</span> <span class='ocrx_word' id='word_1_351' title='bbox 613 1949 821 1979; x_wconf 86' lang='lat' dir='ltr'>constituens</span> <span class='ocrx_word' id='word_1_352' title='bbox 858 1953 1008 1988; x_wconf 85' lang='lat' dir='ltr'>quartum</span> <span class='ocrx_word' id='word_1_353' title='bbox 1043 1944 1253 1986; x_wconf 88' lang='lat' dir='ltr'>longitudine</span> <span class='ocrx_word' id='word_1_354' title='bbox 1287 1944 1359 1976; x_wconf 85' lang='lat' dir='ltr'>sere</span> <span class='ocrx_word' id='word_1_355' title='bbox 1394 1950 1513 1984; x_wconf 87' lang='lat' dir='ltr'>aequat</span> <span class='ocrx_word' id='word_1_356' title='bbox 1541 1946 1574 1975; x_wconf 86' lang='lat' dir='ltr'>et</span> <span class='ocrx_word' id='word_1_357' title='bbox 1601 1943 1728 1974; x_wconf 89' lang='lat' dir='ltr'>modice</span> <span class='ocrx_word' id='word_1_358' title='bbox 1757 1942 1902 1973; x_wconf 83' lang='lat' dir='ltr'>tumidus</span> <span class='ocrx_word' id='word_1_359' title='bbox 1926 1944 1978 1973; x_wconf 85' lang='lat' dir='ltr'>est</span> <span class='ocrx_word' id='word_1_360' title='bbox 2000 1944 2034 1972; x_wconf 88' lang='lat' dir='ltr'>et</span> <span class='ocrx_word' id='word_1_361' title='bbox 2055 1941 2097 1972; x_wconf 89' lang='lat' dir='ltr'>ad</span> 
     </span>
     <span class='ocr_line' id='line_1_34' title="bbox 275 1992 2096 2040; baseline -0.003 -12"><span class='ocrx_word' id='word_1_362' title='bbox 275 1998 403 2037; x_wconf 88' lang='lat' dir='ltr'>apicem</span> <span class='ocrx_word' id='word_1_363' title='bbox 427 2007 543 2028; x_wconf 82' lang='lat' dir='ltr'>versus</span> <span class='ocrx_word' id='word_1_364' title='bbox 566 1996 666 2030; x_wconf 85' lang='lat' dir='ltr'>latior</span> <span class='ocrx_word' id='word_1_365' title='bbox 689 1999 798 2030; x_wconf 83' lang='lat' dir='ltr'>factus</span> <span class='ocrx_word' id='word_1_366' title='bbox 824 2000 1008 2040; x_wconf 86' lang='lat' dir='ltr'>marginem</span> <span class='ocrx_word' id='word_1_367' title='bbox 1032 1996 1132 2029; x_wconf 90' lang='lat' dir='ltr'>habet</span> <span class='ocrx_word' id='word_1_368' title='bbox 1166 1997 1311 2028; x_wconf 84' lang='lat' dir='ltr'>anticum</span> <span class='ocrx_word' id='word_1_369' title='bbox 1335 1996 1476 2036; x_wconf 90' lang='lat' dir='ltr'>pilosum</span> <span class='ocrx_word' id='word_1_370' title='bbox 1511 2001 1544 2026; x_wconf 89' lang='lat' dir='ltr'>et</span> <span class='ocrx_word' id='word_1_371' title='bbox 1573 1994 1706 2035; x_wconf 89' lang='lat' dir='ltr'>oblique</span> <span class='ocrx_word' id='word_1_372' title='bbox 1740 2000 1943 2029; x_wconf 79' lang='lat' dir='ltr'>truncatum3</span> <span class='ocrx_word' id='word_1_373' title='bbox 1976 1992 2096 2034; x_wconf 83' lang='lat' dir='ltr'>unguis</span> 
     </span>
     <span class='ocr_line' id='line_1_35' title="bbox 276 2048 1502 2093; baseline -0.001 -14"><span class='ocrx_word' id='word_1_374' title='bbox 276 2048 420 2089; x_wconf 89' lang='lat' dir='ltr'>denique</span> <span class='ocrx_word' id='word_1_375' title='bbox 445 2056 597 2081; x_wconf 86' lang='lat' dir='ltr'>curvatus</span> <span class='ocrx_word' id='word_1_376' title='bbox 622 2052 805 2093; x_wconf 87' lang='lat' dir='ltr'>marginem</span> <span class='ocrx_word' id='word_1_377' title='bbox 830 2051 945 2083; x_wconf 87' lang='lat' dir='ltr'>chelae</span> <span class='ocrx_word' id='word_1_378' title='bbox 969 2050 1114 2081; x_wconf 84' lang='lat' dir='ltr'>anticum</span> <span class='ocrx_word' id='word_1_379' title='bbox 1138 2049 1349 2090; x_wconf 88' lang='lat' dir='ltr'>longitudine</span> <span class='ocrx_word' id='word_1_380' title='bbox 1373 2053 1502 2088; x_wconf 86' lang='lat' dir='ltr'>aequat.</span> 
     </span>
    </p>
   </div>
   <div class='ocr_carea' id='block_1_7' title="bbox 278 2102 2098 2460">
    <p class='ocr_par' dir='ltr' id='par_1_8' title="bbox 278 2102 2098 2460">
     <span class='ocr_line' id='line_1_36' title="bbox 394 2102 2096 2150; baseline -0.003 -11"><span class='ocrx_word' id='word_1_381' title='bbox 394 2108 500 2139; x_wconf 87' lang='lat' dir='ltr'>Pedes</span> <span class='ocrx_word' id='word_1_382' title='bbox 526 2111 663 2142; x_wconf 88' lang='lat' dir='ltr'>secundi</span> <span class='ocrx_word' id='word_1_383' title='bbox 687 2112 776 2150; x_wconf 85' lang='lat' dir='ltr'>paris</span> <span class='ocrx_word' id='word_1_384' title='bbox 801 2122 820 2142; x_wconf 86' lang='lat' dir='ltr'>a</span> <span class='ocrx_word' id='word_1_385' title='bbox 842 2109 1006 2142; x_wconf 88' lang='lat' dir='ltr'>lateribus</span> <span class='ocrx_word' id='word_1_386' title='bbox 1039 2109 1236 2148; x_wconf 87' lang='lat' dir='ltr'>compressi,</span> <span class='ocrx_word' id='word_1_387' title='bbox 1273 2107 1418 2146; x_wconf 90' lang='lat' dir='ltr'>debiles,</span> <span class='ocrx_word' id='word_1_388' title='bbox 1453 2108 1541 2138; x_wconf 81' lang='lat' dir='ltr'>inter</span> <span class='ocrx_word' id='word_1_389' title='bbox 1564 2112 1692 2137; x_wconf 88' lang='lat' dir='ltr'>ceteros</span> <span class='ocrx_word' id='word_1_390' title='bbox 1715 2105 1814 2144; x_wconf 82' lang='lat' dir='ltr'>pedes</span> <span class='ocrx_word' id='word_1_391' title='bbox 1838 2105 1913 2143; x_wconf 88' lang='lat' dir='ltr'>siti,</span> <span class='ocrx_word' id='word_1_392' title='bbox 1947 2102 2096 2135; x_wconf 88' lang='lat' dir='ltr'>articulis</span> 
     </span>
     <span class='ocr_line' id='line_1_37' title="bbox 278 2155 2098 2203; baseline -0.003 -12"><span class='ocrx_word' id='word_1_393' title='bbox 278 2170 391 2200; x_wconf 87' lang='lat' dir='ltr'>parum</span> <span class='ocrx_word' id='word_1_394' title='bbox 415 2160 593 2193; x_wconf 84' lang='lat' dir='ltr'>mobilibus</span> <span class='ocrx_word' id='word_1_395' title='bbox 618 2164 792 2203; x_wconf 84' lang='lat' dir='ltr'>compositi</span> <span class='ocrx_word' id='word_1_396' title='bbox 817 2169 904 2195; x_wconf 87' lang='lat' dir='ltr'>sunt.</span> <span class='ocrx_word' id='word_1_397' title='bbox 947 2162 1079 2192; x_wconf 87' lang='lat' dir='ltr'>Primus</span> <span class='ocrx_word' id='word_1_398' title='bbox 1103 2171 1214 2191; x_wconf 91' lang='lat' dir='ltr'>eorum</span> <span class='ocrx_word' id='word_1_399' title='bbox 1239 2158 1400 2190; x_wconf 82' lang='lat' dir='ltr'>articulus</span> <span class='ocrx_word' id='word_1_400' title='bbox 1424 2158 1542 2200; x_wconf 86' lang='lat' dir='ltr'>longus</span> <span class='ocrx_word' id='word_1_401' title='bbox 1565 2158 1598 2189; x_wconf 88' lang='lat' dir='ltr'>in</span> <span class='ocrx_word' id='word_1_402' title='bbox 1624 2156 1801 2197; x_wconf 88' lang='lat' dir='ltr'>superficie</span> <span class='ocrx_word' id='word_1_403' title='bbox 1827 2162 1968 2187; x_wconf 84' lang='lat' dir='ltr'>externa</span> <span class='ocrx_word' id='word_1_404' title='bbox 1995 2155 2098 2186; x_wconf 82' lang='lat' dir='ltr'>crista</span> 
     </span>
     <span class='ocr_line' id='line_1_38' title="bbox 279 2205 2097 2252; baseline -0.003 -10"><span class='ocrx_word' id='word_1_405' title='bbox 279 2212 415 2252; x_wconf 87' lang='lat' dir='ltr'>quadam</span> <span class='ocrx_word' id='word_1_406' title='bbox 445 2221 465 2242; x_wconf 92' lang='lat' dir='ltr'>a</span> <span class='ocrx_word' id='word_1_407' title='bbox 488 2211 560 2244; x_wconf 87' lang='lat' dir='ltr'>basi</span> <span class='ocrx_word' id='word_1_408' title='bbox 584 2215 721 2245; x_wconf 90' lang='lat' dir='ltr'>secundi</span> <span class='ocrx_word' id='word_1_409' title='bbox 743 2213 876 2246; x_wconf 86' lang='lat' dir='ltr'>articuli</span> <span class='ocrx_word' id='word_1_410' title='bbox 900 2213 1120 2252; x_wconf 89' lang='lat' dir='ltr'>ascendente,</span> <span class='ocrx_word' id='word_1_411' title='bbox 1146 2218 1178 2243; x_wconf 79' lang='lat' dir='ltr'>et</span> <span class='ocrx_word' id='word_1_412' title='bbox 1200 2212 1233 2242; x_wconf 91' lang='lat' dir='ltr'>in</span> <span class='ocrx_word' id='word_1_413' title='bbox 1258 2211 1408 2252; x_wconf 89' lang='lat' dir='ltr'>margine</span> <span class='ocrx_word' id='word_1_414' title='bbox 1438 2211 1547 2241; x_wconf 89' lang='lat' dir='ltr'>antico</span> <span class='ocrx_word' id='word_1_415' title='bbox 1576 2219 1614 2240; x_wconf 91' lang='lat' dir='ltr'>ac</span> <span class='ocrx_word' id='word_1_416' title='bbox 1638 2208 1888 2240; x_wconf 89' lang='lat' dir='ltr'>membranaceo</span> <span class='ocrx_word' id='word_1_417' title='bbox 1916 2205 1992 2246; x_wconf 90' lang='lat' dir='ltr'>pilis</span> <span class='ocrx_word' id='word_1_418' title='bbox 2017 2206 2097 2237; x_wconf 91' lang='lat' dir='ltr'>den-</span> 
     </span>
     <span class='ocr_line' id='line_1_39' title="bbox 281 2257 2096 2307; baseline -0.003 -13"><span class='ocrx_word' id='word_1_419' title='bbox 281 2263 329 2294; x_wconf 83' lang='lat' dir='ltr'>sis</span> <span class='ocrx_word' id='word_1_420' title='bbox 352 2263 535 2305; x_wconf 88' lang='lat' dir='ltr'>rigidisque</span> <span class='ocrx_word' id='word_1_421' title='bbox 559 2271 593 2295; x_wconf 90' lang='lat' dir='ltr'>et</span> <span class='ocrx_word' id='word_1_422' title='bbox 616 2264 827 2307; x_wconf 83' lang='lat' dir='ltr'>longitudine</span> <span class='ocrx_word' id='word_1_423' title='bbox 851 2272 954 2297; x_wconf 89' lang='lat' dir='ltr'>totam</span> <span class='ocrx_word' id='word_1_424' title='bbox 979 2263 1140 2304; x_wconf 80' lang='lat' dir='ltr'>reliquam</span> <span class='ocrx_word' id='word_1_425' title='bbox 1165 2263 1258 2303; x_wconf 82' lang='lat' dir='ltr'>pedis</span> <span class='ocrx_word' id='word_1_426' title='bbox 1281 2269 1406 2302; x_wconf 87' lang='lat' dir='ltr'>partem</span> <span class='ocrx_word' id='word_1_427' title='bbox 1431 2260 1652 2302; x_wconf 84' lang='lat' dir='ltr'>aequantibus</span> <span class='ocrx_word' id='word_1_428' title='bbox 1675 2263 1859 2292; x_wconf 83' lang='lat' dir='ltr'>instructus</span> <span class='ocrx_word' id='word_1_429' title='bbox 1884 2264 1952 2294; x_wconf 63' lang='grc' dir='ltr'>θεῖς</span> <span class='ocrx_word' id='word_1_430' title='bbox 1977 2257 2096 2289; x_wconf 90' lang='lat' dir='ltr'>articu-</span> 
     </span>
     <span class='ocr_line' id='line_1_40' title="bbox 279 2308 2097 2355; baseline -0.002 -12"><span class='ocrx_word' id='word_1_431' title='bbox 279 2312 331 2344; x_wconf 88' lang='lat' dir='ltr'>lus</span> <span class='ocrx_word' id='word_1_432' title='bbox 356 2315 519 2346; x_wconf 87' lang='lat' dir='ltr'>secundus</span> <span class='ocrx_word' id='word_1_433' title='bbox 544 2314 653 2347; x_wconf 76' lang='lat' dir='ltr'>brevis</span> <span class='ocrx_word' id='word_1_434' title='bbox 678 2324 710 2347; x_wconf 88' lang='lat' dir='ltr'>et</span> <span class='ocrx_word' id='word_1_435' title='bbox 734 2321 904 2354; x_wconf 86' lang='lat' dir='ltr'>curvatus;</span> <span class='ocrx_word' id='word_1_436' title='bbox 934 2317 1053 2348; x_wconf 83' lang='lat' dir='ltr'>tertius</span> <span class='ocrx_word' id='word_1_437' title='bbox 1078 2323 1110 2346; x_wconf 89' lang='lat' dir='ltr'>et</span> <span class='ocrx_word' id='word_1_438' title='bbox 1133 2321 1268 2355; x_wconf 88' lang='lat' dir='ltr'>quartus</span> <span class='ocrx_word' id='word_1_439' title='bbox 1292 2315 1381 2345; x_wconf 84' lang='lat' dir='ltr'>inter</span> <span class='ocrx_word' id='word_1_440' title='bbox 1403 2325 1440 2346; x_wconf 86' lang='lat' dir='ltr'>se</span> <span class='ocrx_word' id='word_1_441' title='bbox 1464 2314 1534 2345; x_wconf 85' lang='lat' dir='ltr'>sere</span> <span class='ocrx_word' id='word_1_442' title='bbox 1559 2312 1729 2353; x_wconf 79' lang='lat' dir='ltr'>aequales3</span> <span class='ocrx_word' id='word_1_443' title='bbox 1754 2313 1886 2351; x_wconf 89' lang='lat' dir='ltr'>quintus</span> <span class='ocrx_word' id='word_1_444' title='bbox 1910 2308 1964 2341; x_wconf 86' lang='lat' dir='ltr'>his</span> <span class='ocrx_word' id='word_1_445' title='bbox 1987 2309 2097 2340; x_wconf 88' lang='lat' dir='ltr'>minor</span> 
     </span>
     <span class='ocr_line' id='line_1_41' title="bbox 281 2360 2096 2409; baseline -0.002 -14"><span class='ocrx_word' id='word_1_446' title='bbox 281 2365 321 2395; x_wconf 91' lang='lat' dir='ltr'>ad</span> <span class='ocrx_word' id='word_1_447' title='bbox 345 2366 471 2403; x_wconf 89' lang='lat' dir='ltr'>apicem</span> <span class='ocrx_word' id='word_1_448' title='bbox 497 2377 612 2398; x_wconf 88' lang='lat' dir='ltr'>versus</span> <span class='ocrx_word' id='word_1_449' title='bbox 637 2375 828 2401; x_wconf 85' lang='lat' dir='ltr'>coarctatur</span> <span class='ocrx_word' id='word_1_450' title='bbox 851 2372 886 2400; x_wconf 88' lang='lat' dir='ltr'>et</span> <span class='ocrx_word' id='word_1_451' title='bbox 909 2378 1017 2409; x_wconf 87' lang='lat' dir='ltr'>ungue</span> <span class='ocrx_word' id='word_1_452' title='bbox 1040 2372 1130 2398; x_wconf 87' lang='lat' dir='ltr'>recto</span> <span class='ocrx_word' id='word_1_453' title='bbox 1154 2365 1311 2405; x_wconf 90' lang='lat' dir='ltr'>dibilique</span> <span class='ocrx_word' id='word_1_454' title='bbox 1335 2366 1541 2397; x_wconf 87' lang='lat' dir='ltr'>terminatur.</span> <span class='ocrx_word' id='word_1_455' title='bbox 1597 2363 1818 2396; x_wconf 88' lang='lat' dir='ltr'>Articulorum</span> <span class='ocrx_word' id='word_1_456' title='bbox 1854 2362 1991 2393; x_wconf 88' lang='lat' dir='ltr'>duorum</span> <span class='ocrx_word' id='word_1_457' title='bbox 2018 2360 2096 2392; x_wconf 79' lang='lat' dir='ltr'>ulti-</span> 
     </span>
     <span class='ocr_line' id='line_1_42' title="bbox 281 2413 1989 2460; baseline -0.001 -14"><span class='ocrx_word' id='word_1_458' title='bbox 281 2426 406 2448; x_wconf 89' lang='lat' dir='ltr'>morum</span> <span class='ocrx_word' id='word_1_459' title='bbox 431 2419 600 2460; x_wconf 88' lang='lat' dir='ltr'>margines</span> <span class='ocrx_word' id='word_1_460' title='bbox 624 2419 800 2451; x_wconf 77' lang='lat' dir='ltr'>inferiores</span> <span class='ocrx_word' id='word_1_461' title='bbox 823 2419 901 2460; x_wconf 91' lang='lat' dir='ltr'>pilis</span> <span class='ocrx_word' id='word_1_462' title='bbox 924 2418 1100 2458; x_wconf 87' lang='lat' dir='ltr'>brevibus,</span> <span class='ocrx_word' id='word_1_463' title='bbox 1123 2419 1314 2458; x_wconf 82' lang='lat' dir='ltr'>superiores</span> <span class='ocrx_word' id='word_1_464' title='bbox 1337 2417 1414 2458; x_wconf 89' lang='lat' dir='ltr'>pilis</span> <span class='ocrx_word' id='word_1_465' title='bbox 1443 2415 1553 2458; x_wconf 85' lang='lat' dir='ltr'>longis</span> <span class='ocrx_word' id='word_1_466' title='bbox 1576 2416 1752 2455; x_wconf 88' lang='lat' dir='ltr'>densisque</span> <span class='ocrx_word' id='word_1_467' title='bbox 1776 2413 1877 2445; x_wconf 88' lang='lat' dir='ltr'>obsiti</span> <span class='ocrx_word' id='word_1_468' title='bbox 1900 2418 1989 2446; x_wconf 86' lang='lat' dir='ltr'>sunt.</span> 
     </span>
    </p>
   </div>
  </div>
 </body>
</html>
