2193 2832
964 116 1013 151 31

641 269 1337 384 sssTRAcssnA

569 439 919 494 Genus
997 450 1405 504 cypris·

194 546 299 583 Quum
329 544 440 577 variae
467 543 612 584 formae,
642 552 722 584 quas
751 549 918 575 antennae
946 550 979 575 et
1002 543 1101 583 pedes
1125 550 1158 574 et
1180 543 1339 575 articulus
1363 543 1548 577 abdominis
1571 544 1706 578 ultimus
1730 547 1765 578 in
1791 548 1892 579 variis

84 599 218 640 generis
243 597 359 641 Cypris
388 594 560 635 speciebus
589 595 744 633 induunt,
781 605 847 626 non
875 594 977 626 facile
1004 595 1148 635 perquiri
1177 595 1306 636 possint
1328 595 1465 628 necdum
1499 596 1582 628 satis
1617 598 1686 629 sint
1721 600 1892 641 cognitae,

85 656 122 680 ut
150 649 190 680 ad
218 649 345 688 species
376 647 626 688 distinguendas
655 646 889 685 adhibeantur,
924 657 1020 686 quam
1050 652 1161 686 potest
1183 647 1441 680 accuratissima
1464 653 1569 680 testae
1592 648 1664 680 sive
1687 649 1894 682 valvularum

85 700 303 739 descriptione
336 709 417 738 opus
445 705 505 731 est.
550 698 588 729 In
618 699 660 729 iis
690 699 792 740 igitur
815 697 1111 737 descriptionibus,
1142 708 1225 737 quae
1248 705 1444 738 sequuntur,
1478 700 1620 740 primum
1645 710 1718 731 eam
1742 700 1895 742 figuram,

86 761 168 790 quae
195 746 347 781 sectione
374 756 564 781 transverse
593 756 625 780 et
654 750 694 780 ad
717 748 983 790 perpendiculum
1009 760 1070 791 per
1092 749 1233 780 mediam
1257 755 1376 780 testam
1399 750 1488 781 facta
1512 750 1672 790 efficitur,
1698 751 1895 789 describam,

85 812 148 842 qua
171 802 420 840 demonstretur,
443 812 521 832 num
544 800 748 832 valvularum
772 800 910 832 inferior
932 811 1007 840 pars
1030 801 1134 843 plana
1156 801 1201 831 sit
1223 811 1267 832 an
1290 801 1445 838 rotunda;
1468 802 1592 834 deinde
1606 805 1714 834 autem
1727 813 1766 835 ea
1778 803 1895 842 forma,

85 863 167 892 quae
195 851 336 883 valvulis
362 863 381 883 a
404 853 510 884 latere
533 853 634 889 visis,
665 858 731 882 tum
755 852 895 891 denique
918 850 1042 893 figura,
1069 862 1157 893 quae
1180 853 1222 882 iis
1247 863 1266 882 a
1289 859 1384 894 tergo
1408 855 1598 895 conspectis
1621 855 1814 894 praebetur,
1840 854 1895 885 de-

83 903 260 935 scribenda
289 905 361 936 erit.
406 904 524 936 Novae
546 910 656 935 autem
680 902 894 935 difficultates
917 913 957 934 eo
981 910 1176 942 evocantur,
1207 903 1292 943 quod
1315 902 1520 936 valvularum
1543 905 1649 936 forma
1672 906 1836 936 interdum
1860 906 1894 936 in

83 955 190 987 variis
222 954 416 986 animalium
445 953 610 986 aetatibus
639 954 734 985 valde
763 955 884 986 variat.
931 953 1031 985 Color
1059 956 1160 986 etiam
1191 961 1224 985 et
1253 954 1449 995 superficies
1477 956 1552 997 plus
1583 958 1694 988 minus
1724 956 1832 998 pilosa
1857 957 1891 987 in

83 1005 297 1044 animalibus,
322 1017 405 1047 quae
428 1007 568 1038 diversis
591 1005 674 1037 locis
698 1011 829 1045 reperta
852 1011 945 1042 sunt,
969 1006 1136 1038 interdum
1161 1007 1287 1038 variare
1310 1007 1477 1040 videntur.

312 1119 351 1151 Α.
395 1117 539 1158 Species,
562 1118 596 1149 in
618 1118 731 1159 quibus
752 1128 864 1159 margo
884 1116 1035 1159 inferior,
1058 1123 1138 1151 testa
1161 1129 1181 1150 a
1202 1116 1300 1151 latere
1322 1119 1402 1158 visa,
1424 1124 1486 1150 tam
1509 1129 1667 1152 convexus
1688 1125 1745 1158 est,
1768 1125 1803 1151 ut
1815 1130 1894 1151 mar·

395 1171 465 1210 qim*
486 1170 646 1209 superiori
664 1169 736 1211 fere
757 1170 800 1201 sit
821 1169 944 1201 similis.
1318 1164 1322 1168 ’

730 1251 762 1276 1.
798 1248 945 1284 cypris
966 1248 1146 1283 insignis
1172 1250 1246 1277 mihi.

255 1323 287 1350 C.
306 1322 478 1356 unzjfasciata
494 1325 601 1350 Mllne
619 1325 779 1350 Edwards
798 1327 815 1350 1.
835 1333 858 1351 c.
877 1325 925 1350 111.
944 1332 971 1356 p.
989 1322 1049 1350 405.
1067 1337 1101 1342 —
1118 1324 1283 1350 Monoculus
1300 1323 1486 1357 unffascz'atus
1503 1325 1522 1351 J
1529 1327 1636 1357 urIne,
1656 1327 1722 1352 hist.
1741 1325 1895 1353 d.1i10n0cl.

82 1377 107 1400 p.
127 1365 187 1396 176.
205 1370 242 1399 pl.
260 1365 301 1394 19.
321 1369 367 1401 fig.
387 1366 484 1394 9—10.
503 1379 536 1385 —
555 1365 600 1397 (¹3)
621 1366 653 1393 C.
672 1366 795 1399 strigam
813 1369 944 1400 Miiller‚
963 1369 1071 1395 Entom.
1090 1376 1119 1400 p.
1138 1366 1180 1392 54.
1199 1368 1255 1393 tab.
1273 1367 1322 1394 IV.
1341 1369 1387 1401 fig.
1405 1368 1432 1394 4.
1451 1367 1477 1395 5.
1497 1372 1525 1394 et
1544 1370 1600 1395 tab.
1618 1370 1651 1394 V.
1671 1368 1696 1395 3.
1714 1369 1741 1395 4.

197 1416 301 1450 Testa
329 1429 348 1450 a
376 1417 480 1449 latere
508 1419 599 1449 visa:
633 1414 781 1460 margine
809 1418 971 1451 inferiore
1000 1419 1166 1460 superiori
1194 1418 1316 1458 simili,
1349 1426 1493 1460 utroque
1524 1430 1676 1452 convexo
1704 1426 1738 1452 et
1765 1419 1896 1452 sinibus

83 1470 254 1509 destituto,
276 1477 369 1510 parte
393 1470 504 1502 antica
527 1470 643 1502 altiore
668 1480 762 1510 quam
785 1472 923 1510 postica.
954 1470 1059 1503 Testa
1082 1482 1101 1502 a
1125 1477 1219 1513 tergo
1243 1471 1325 1511 visa,
1349 1470 1502 1502 valvulae
1525 1471 1686 1504 lateribus
1708 1473 1792 1504 satis
1815 1482 1894 1504 con-

82 1522 199 1562 vexis,
233 1527 269 1552 ut
295 1521 436 1553 latitudo
465 1523 629 1560 maxima,
663 1532 745 1562 quae
767 1522 840 1554 fere
863 1523 899 1554 in
922 1523 1029 1553 medio
1053 1532 1165 1553 earum
1192 1523 1258 1553 sita
1281 1529 1348 1561 est,
1382 1523 1605 1564 longitudinis
1629 1524 1799 1555 dimidium
1823 1523 1895 1555 fere

84 1579 218 1613 aequet;
243 1574 475 1604 extremitates
499 1573 610 1604 antica
634 1579 666 1604 et
689 1574 817 1612 postica
840 1573 1048 1615 longitudine
1070 1584 1180 1613 pares,
1225 1573 1428 1613 Superficies
1451 1576 1685 1617 marginesque
1707 1574 1830 1609 laeves.

198 1623 303 1656 Testa
326 1624 495 1668 eleganter
518 1626 618 1666 picta.
665 1624 800 1656 Macula
824 1623 967 1667 oblonga
990 1626 1025 1656 in
1050 1631 1140 1668 tergo
1164 1628 1238 1665 post
1263 1625 1394 1658 oculum
1418 1627 1484 1658 sita
1506 1634 1539 1658 et
1561 1626 1690 1660 macula
1713 1626 1893 1668 triangula·

83 1677 128 1707 ris
157 1677 192 1707 in
220 1675 382 1708 lateribus
412 1678 476 1708 sit-a
499 1684 531 1708 et
554 1677 722 1718 margines
746 1682 854 1708 testae
877 1677 1025 1708 anterior
1050 1683 1082 1707 et
1104 1678 1272 1716 posterior
1294 1677 1407 1710 colore
1430 1686 1508 1710 sunt
1531 1680 1646 1718 viridi,
1677 1678 1760 1710 duae
1784 1684 1892 1710 autem

84 1727 208 1759 fasciae
230 1728 283 1759 his
307 1728 445 1760 maculis
470 1735 502 1759 et
525 1729 730 1770 marginibus
753 1729 949 1769 interjectae
973 1734 1051 1759 sunt
1073 1727 1195 1760 luteae.
1220 1745 1261 1752 —
1283 1729 1476 1771 Longitudo
1499 1732 1551 1770 0,5
1575 1730 1634 1763 lin.

198 1778 290 1811 Haec
313 1782 440 1820 species
463 1780 571 1812 forma
593 1780 720 1822 insigni
745 1780 915 1813 Monoculo
937 1780 1134 1823 unzfasciato
1156 1779 1241 1812 Jur.
1265 1782 1469 1821 respondere
1492 1782 1633 1821 videtur,
1657 1781 1804 1821 quamvis
1822 1779 1894 1812 val-

83 1829 232 1863 vularum
257 1831 447 1871 superficies
475 1833 510 1862 in
540 1831 603 1863 hoc
627 1831 750 1872 pilosa,
786 1833 819 1862 in
844 1831 903 1863 illa
927 1838 1036 1863 autem
1061 1831 1169 1864 laevis
1193 1839 1253 1865 est.
1300 1834 1432 1865 Tamen
1456 1844 1576 1864 nomen
1600 1832 1793 1865 mutandum
1817 1842 1893 1863 esse

84 1883 213 1922 putavi,
238 1883 315 1922 quia
337 1882 405 1915 alia
428 1884 572 1923 species,
596 1883 637 1914 ab
662 1883 725 1914 hac
747 1884 881 1914 omnino
905 1883 1111 1923 discrepanS,
1132 1883 1273 1926 fasciola
1296 1885 1465 1916 nominata
1489 1891 1539 1916 est
1560 1887 1628 1928 jam
1653 1897 1671 1916 a
1694 1883 1891 1923 Miillero‚

86 1943 222 1972 quacum
247 1933 331 1966 hanc
355 1937 572 1976 conjunxerat
594 1933 748 1966 Jurine.
784 1934 827 1975 (v.
851 1944 940 1976 spec.
964 1935 1029 1974 10.)

686 2045 718 2071 2.
754 2044 900 2080 cypris
927 2047 1134 2074 monacha
1159 2031 1288 2074 MULL'.

257 2118 376 2144 Miiller
401 2120 555 2145 Entomost.
574 2127 599 2151 p.
621 2108 664 2144 60¹·
684 2120 740 2146 tab.
757 2121 791 2146 V.
811 2121 859 2153 fig.
878 2119 957 2148 6-8.
976 2137 1006 2142 —
1026 2123 1132 2147 Mllne
1151 2122 1311 2147 Edwards
1330 2124 1348 2147 1.
1368 2130 1391 2148 c.
1410 2123 1459 2148 111.
1480 2130 1504 2154 p.
1523 2108 1584 2149 397}
1604 2134 1637 2140 -
1655 2121 1819 2148 Monoculus
1837 2128 1890 2146 mo-

86 2159 185 2186 nachus
203 2160 328 2186 Jurlne
345 2163 364 2187 l.
383 2169 406 2187 c.
425 2170 451 2194 p.
469 2161 529 2188 173.
547 2165 582 2195 pl.
603 2161 644 2189 18.
662 2164 709 2196 fig.
730 2162 837 2190 13—14.

193 2210 298 2242 Testa
320 2212 409 2244 infra
432 2213 611 2253 subplana,
634 2225 654 2246 a
676 2214 780 2246 latere
803 2216 876 2247 visa
898 2215 1050 2257 margine
1072 2214 1230 2246 inferiore
1252 2215 1350 2246 valde
1374 2226 1534 2255 convexo,
1559 2216 1705 2247 maxima
1728 2215 1890 2246 convexi-

86 2264 154 2293 tate
182 2270 259 2303 post
287 2264 429 2295 medium
459 2266 542 2302 sita;
576 2265 712 2308 angulo,
747 2267 802 2306 qui
830 2267 1037 2308 marginibus
1061 2268 1170 2298 antico
1194 2273 1227 2298 et
1249 2257 1357 2298 ini'er'o
1381 2268 1602 2309 componitur,
1626 2277 1691 2298 non
1715 2265 1890 2297 rotundato

86 2312 146 2343 sed
178 2312 309 2352 obtuso3
345 2316 549 2358 marginibus
574 2318 741 2349 anteriore
769 2325 802 2348 et
831 2321 1003 2360 superiore
1027 2325 1059 2350 et
1082 2319 1266 2358 posteriore
1288 2330 1353 2350 uno
1377 2330 1454 2350 arcu
1480 2320 1652 2356 convexis;
1678 2319 1890 2350 extremitate

87 2364 197 2397 antica
220 2366 335 2398 altiore
358 2378 452 2408 quam
476 2361 624 2410 postica,
654 2371 802 2402 maxima
823 2377 933 2403 autem
957 2370 1132 2420 altitudine
1154 2376 1230 2411 post
1253 2371 1395 2403 medium
1420 2373 1495 2405 sita.
1540 2370 1705 2404 Valvulae
1728 2368 1890 2402 lateribus
