2193 2832
964 128 1017 162 23

79 222 203 262 primus
227 218 267 249 ad
291 214 388 248 ovula
411 212 587 246 retinenda
608 212 822 256 prolongatus
846 220 879 246 et
901 214 1065 255 reflexus,
1089 215 1154 248 duo
1177 215 1234 248 alii
1259 216 1369 249 obtusi
1393 224 1426 249 et
1448 218 1540 258 parvi
1564 225 1650 251 sunt.
1686 219 1785 252 Setae
1808 232 1888 261 pen-

79 271 187 303 ultimi
210 267 325 300 annuli
348 263 488 299 subtiles
513 271 632 296 testam
656 264 788 304 paulum
812 269 982 305 superant.
1038 266 1192 298 Annulus
1214 267 1351 300 ultimus
1375 275 1450 308 post
1472 280 1599 312 ungues
1623 269 1744 302 finales
1773 272 1807 303 in
1831 283 1890 304 an-

78 321 190 363 gulum
214 319 364 350 obtusum
389 323 422 347 et
445 317 614 348 dentatum
636 316 808 355 prominet.
855 316 1053 358 Ephippium
1079 318 1185 350 tribus
1209 320 1325 351 stratis
1348 322 1576 363 compositum.
1599 339 1640 345 —
1692 321 1781 361 Mas,
1804 325 1888 363 quod

79 373 164 412 scio,
189 370 331 402 nondum
355 374 505 410 repertus
528 374 589 399 est.
613 384 656 389 —
699 367 888 409 Longitudo
911 368 987 404 0‚37
1009 367 1069 400 lin.

193 419 369 453 Mensibus
393 420 543 461 Augusto
566 421 600 450 et
622 417 809 458 Septembri
833 427 933 458 saepe
956 420 1135 453 invenitur.

659 513 691 539 4.
727 511 919 546 napluna
946 512 1165 542 braehlata
1191 517 1243 542 DE
1254 515 1315 542 SM.

278 585 383 610 mnne
402 584 565 609 Edwards
583 584 601 608 l.
621 589 643 607 c.
661 582 711 606 ΙΙΙ.
731 589 757 613 p.
776 579 837 607 383.
856 594 891 599 —
928 582 1092 608 Monoculus
1110 583 1267 610 bracchiatas
1294 585 1419 611 Jurlne
1437 586 1455 610 l.
1475 592 1499 611 c.
1516 592 1543 617 p.
1562 583 1619 611 131.
1640 587 1676 617 pl.
1694 585 1736 613 12.
1756 588 1802 621 fig.
1821 587 1847 613 3.
1866 589 1891 614 4.

193 643 371 683 Impressio
393 643 482 673 inter
505 639 813 681 cephalothoracem
839 647 871 671 et
894 647 1014 672 testam
1040 642 1282 674 abdominalem
1311 642 1489 683 profundas
1503 647 1538 676 et
1560 655 1691 686 magna.
1736 647 1890 679 Fornicis

79 705 192 737 margo
215 700 323 726 rectus
348 700 398 724 est
423 700 456 724 et
479 694 512 724 in
536 692 622 724 facie
646 692 935 734 cephalothoracis
959 695 1126 725 anteriore
1151 696 1357 727 terminatur.
1417 694 1490 726 Hoc
1523 694 1597 727 loco
1631 707 1708 736 pars
1738 698 1890 737 cephalo-

78 746 221 778 thoracis
246 745 394 784 superior
416 743 522 774 locum
549 743 673 774 editum
698 750 730 774 et
743 754 914 786 magnum,
938 744 1112 784 superficie
1126 745 1258 787 paulum
1273 756 1436 784 concava,
1462 747 1643 786 componit,
1667 759 1766 788 quare
1779 759 1891 790 margo

75 797 194 837 capitis
219 797 380 834 anterior,
415 794 551 826 animali
580 805 599 825 a
623 794 730 826 latere
753 796 842 832 viso,
877 802 970 834 parte
999 798 1168 835 superiore
1192 797 1288 828 valde
1313 808 1497 836 convexuS‚
1532 798 1698 830 inferiore
1732 800 1891 838 profunde

74 858 240 880 concavus
265 857 339 878 esse
362 846 500 877 videtur.
547 844 665 887 Margo
690 847 807 885 capitis
830 846 969 878 inferior
991 854 1101 878 rectus
1127 854 1193 887 est,
1217 848 1331 889 anguli
1356 855 1388 880 et
1412 850 1559 880 anterior
1590 856 1622 880 et
1650 851 1814 889 posterior
1836 862 1891 882 ro-

74 899 206 930 fundati
240 904 326 930 sunt.
385 896 511 929 Oculus
541 908 696 939 magnuS‚
731 904 899 929 antennae
934 899 1081 929 minores
1117 899 1240 940 angulo
1275 899 1426 931 inferiori
1460 907 1493 931 et
1519 902 1697 940 posteriori
1733 902 1892 941 insertae,

73 960 212 991 magnae
249 956 282 980 et
315 948 569 980 uniarticulatae
605 956 638 980 et
671 949 764 988 apice
798 949 878 990 pilis
913 948 1042 980 obsitae
1074 956 1152 981 sunt
1181 954 1214 982 et
1248 957 1336 982 totae
1361 962 1378 982 e
1402 952 1551 993 margine
1580 952 1739 983 inferiore
1772 955 1892 992 promi*-

74 1007 164 1035 nent.
220 1000 356 1032 Macula
395 1001 506 1042 nigra,
541 1010 626 1041 quae
660 1001 694 1030 in
725 999 801 1031 aliis
825 999 997 1039 speciebus
1021 1007 1096 1040 post
1119 1000 1249 1033 oculum
1273 1002 1339 1033 sita
1363 1009 1430 1042 est,
1466 1013 1581 1042 parum
1605 1014 1776 1044 expressa.
1823 1004 1891 1036 An—

73 1059 194 1084 tennae
227 1054 373 1093 majores
408 1052 449 1083 ad
483 1052 667 1091 marginem
701 1062 807 1093 usque
836 1052 998 1093 posticum
1024 1059 1131 1084 testae
1155 1053 1323 1092 pertinent
1356 1059 1389 1085 et
1413 1060 1531 1086 trunco
1555 1064 1670 1086 crasso
1698 1056 1731 1086 in
1756 1055 1892 1096 basique

73 1104 188 1144 specie
222 1102 400 1142 annulato‚
435 1103 519 1134 setis
543 1101 653 1143 longis
689 1113 727 1133 ac
750 1102 917 1134 subtiliter
951 1104 1118 1143 pinnatis,
1153 1114 1247 1135 ramo
1284 1104 1506 1137 triartieulato
1541 1106 1647 1137 altero
1677 1107 1735 1138 vix
1763 1108 1892 1139 minore

72 1156 255 1186 instructae
280 1157 368 1186 sunt.
391 1171 434 1177 —-
480 1153 583 1185 Testa
607 1153 716 1184 brevis
743 1164 807 1184 non
832 1157 937 1185 totum
961 1154 1125 1186 abdomen
1150 1156 1273 1197 obtegit
1298 1161 1330 1186 et
1353 1157 1538 1198 marginem
1562 1158 1762 1196 superiorem
1792 1159 1826 1189 in
1850 1160 1891 1189 iis

72 1205 290 1245 animalibus,
315 1215 400 1247 quae
423 1204 530 1236 ovulis
554 1215 620 1235 non
646 1212 722 1236 sunt
746 1211 883 1245 onusta,
908 1206 976 1236 fere
1000 1213 1142 1245 rectum,
1166 1208 1199 1238 in
1225 1206 1442 1245 animalibus,
1468 1219 1550 1248 quae
1574 1209 1647 1239 ovis
1668 1208 1723 1240 vel
1736 1208 1892 1250 ephippio

72 1257 237 1288 instructa
261 1263 354 1295 sunt,
378 1266 561 1288 convexum
586 1259 622 1287 et
645 1263 832 1295 arcuatum,
856 1256 1012 1298 angulum
1038 1259 1242 1297 superiorem
1268 1258 1437 1296 obtusum,
1462 1260 1644 1301 marginem
1673 1261 1892 1301 posteriorem

71 1318 212 1347 superne
248 1318 430 1339 concavum
465 1314 498 1339 et
532 1307 691 1339 arcuatim
726 1308 759 1338 in
795 1308 977 1349 marginem
1011 1308 1204 1340 inferiorem
1230 1320 1413 1341 convexum
1438 1321 1476 1341 ac
1499 1310 1718 1342 subtilissime
1742 1310 1889 1342 ciliatum

71 1365 317 1396 transeuntem,
343 1359 551 1399 superficiem
576 1359 719 1400 denique
742 1358 873 1391 laevem
898 1359 1007 1392 habet.
1035 1378 1076 1383 —
1121 1361 1304 1392 Processus
1340 1362 1375 1392 in
1400 1367 1493 1403 tergo
1522 1361 1709 1393 abdominis
1734 1362 1818 1393 nulli
1841 1374 1890 1394 re-

71 1411 260 1451 periuntur3
285 1410 426 1452 angulus
451 1411 616 1452 posterior
639 1411 825 1442 abdominis
849 1411 931 1442 setis
956 1412 1038 1442 satis
1061 1411 1173 1454 longis
1198 1416 1232 1444 et
1255 1412 1443 1444 articulatis
1479 1420 1512 1444 et
1535 1414 1686 1455 pinnatis
1708 1414 1891 1445 instructus

73 1467 192 1493 testam
218 1465 367 1503 superat.
411 1460 565 1492 Annulus
590 1467 759 1493 extremus
784 1462 823 1493 ad
848 1463 976 1502 apicem
1001 1473 1116 1494 versus
1142 1464 1268 1496 sensim
1294 1466 1488 1495 attenuatus
1508 1464 1662 1506 angulum
1677 1471 1752 1506 post
1764 1475 1891 1507 ungues

70 1512 192 1544 finales
216 1514 457 1552 prominentem
482 1523 547 1544 non
573 1515 750 1554 componit.
796 1513 938 1555 Ungues
962 1516 1056 1554 parvi
1081 1521 1168 1546 sunt.
1191 1531 1234 1538 ·-
1278 1515 1387 1547 Pedes
1412 1521 1549 1556 propter
1583 1522 1691 1547 testae
1714 1515 1890 1557 pellucidi—

72 1567 173 1595 tatem
197 1563 283 1595 bene
306 1565 455 1606 perspici
478 1572 637 1604 possunt,
661 1572 800 1605 quatuor
824 1566 1012 1597 anteriores
1036 1566 1102 1597 sibi
1126 1567 1347 1606 approximati
1372 1574 1467 1606 sunt,
1492 1568 1625 1608 quintus
1650 1567 1690 1599 ab
1704 1567 1758 1599 his
1782 1577 1888 1599 remo—

72 1623 122 1647 tus
147 1626 184 1646 eo
207 1615 298 1652 loco,
325 1627 386 1656 quo
410 1615 573 1647 abdomen
597 1623 769 1656 curvatur,
794 1617 922 1657 positus
947 1624 1008 1650 est.

186 1667 390 1708 Ephippium
416 1678 481 1699 non
507 1667 730 1707 compluribus
756 1669 887 1707 stratis,
923 1675 958 1698 ut
981 1670 1013 1700 in
1039 1668 1115 1700 aliis
1141 1668 1322 1708 Daphniis,
1361 1671 1416 1701 sed
1446 1681 1510 1701 una
1536 1676 1663 1701 tantum
1687 1673 1774 1701 testa
1798 1680 1889 1700 com-

72 1719 231 1759 positum,
261 1720 371 1750 colore
394 1719 616 1750 fusco-rubro
640 1726 688 1758 et,
713 1726 855 1759 excepto
879 1718 937 1750 illo
960 1719 1055 1760 loco,
1090 1731 1152 1760 quo
1176 1730 1272 1750 ovum
1297 1721 1397 1753 situm
1423 1729 1489 1760 est,
1514 1720 1690 1760 superficie
1714 1722 1815 1752 dense
1839 1732 1888 1752 re-

71 1769 208 1800 ticulata
232 1776 292 1802 est.
350 1770 443 1802 Haec
468 1763 555 1802 testa
579 1782 596 1802 e
620 1771 748 1802 duabus
773 1769 934 1809 valvulis,
949 1769 952 1771 Α
969 1777 1058 1802 arcte
1094 1771 1157 1802 sibi
1194 1773 1436 1812 approximatis
1460 1783 1619 1812 ovumque
1643 1773 1729 1803 inter
1753 1782 1789 1803 se
1813 1782 1888 1803 con—

73 1820 282 1851 cludentibus
306 1829 444 1856 constat.
490 1822 597 1854 Ovum
622 1824 727 1862 ipsum
752 1831 923 1862 praeterea
946 1822 1072 1854 duabus
1098 1822 1299 1855 membranis
1325 1824 1561 1862 circumdatur,
1585 1823 1690 1855 altera
1711 1824 1888 1854 tenerrima

70 1871 220 1902 vitellum
246 1873 543 1912 circumcludente,
567 1873 673 1905 altera
686 1873 850 1912 firmiore,
875 1885 957 1914 quae
982 1875 1127 1914 ephippii
1153 1877 1224 1906 ovis
1248 1877 1381 1915 propria
1406 1886 1480 1907 esse
1506 1879 1539 1908 et
1565 1881 1727 1906 externae
1752 1884 1886 1905 ovorum

72 1921 210 1954 aliorum
236 1924 490 1956 Crustaceorum
515 1930 622 1957 testae
646 1926 849 1967 respondere
873 1926 1011 1957 videtur.

184 1975 374 2017 Longitudo
397 1978 472 2015 0‚55
496 1976 554 2008 lin.

189 2024 361 2065 Daphniae
396 2027 586 2060 brachiatae
621 2038 772 2069 magnam
807 2028 1053 2060 multitudinem
1088 2031 1120 2060 in
1145 2029 1222 2061 lacu
1246 2031 1388 2070 quodam
1420 2040 1518 2070 prope
1544 2028 1796 2070 Regiomontum
1822 2029 1885 2059 sito

73 2077 215 2116 (aufden
231 2077 357 2117 Husen)
382 2090 496 2110 mense
510 2078 698 2119 Septembri
722 2080 856 2114 offendi.
886 2080 1045 2122 Singulae
1065 2082 1096 2111 in
1112 2080 1190 2112 aliis
1205 2092 1333 2122 quoque
1353 2081 1456 2113 fossis
1477 2080 1644 2111 interdum
1668 2082 1884 2120 reperiuntur.

661 2182 698 2207 5.
733 2181 926 2215 Daphnin
952 2181 1185 2215 braelnyura
1213 2183 1284 2209 mihi.

256 2257 384 2283 Pasithea
404 2257 571 2284 reem-ostris
590 2261 689 2289 Koch,
709 2261 911 2285 Deutschlands
931 2260 1112 2293 Crustaceen‚
1131 2264 1201 2287 fasc.
1221 2260 1262 2287 35.
1283 2264 1328 2294 fig.
1347 2261 1392 2287 24.

188 2316 454 2356 Cephalothorax
490 2325 559 2349 tota
593 2320 761 2350 anteriore.
785 2325 878 2358 parte
902 2320 1095 2352 rotundatas
1127 2327 1160 2351 et
1183 2332 1200 2351 a
1225 2327 1311 2351 testa
1341 2320 1544 2351 abdominali
1574 2319 1792 2357 impressione
1817 2317 1884 2348 lata

73 2368 133 2397 sed
172 2378 284 2407 panum
322 2369 487 2408 profunda
523 2371 692 2411 sejunctus
728 2378 787 2402 cst,
846 2371 998 2416 Fornicjs
1035 2382 1146 2413 margo
1172 2371 1342 2403 subrectus
1366 2379 1398 2402 et
1421 2373 1453 2402 in
1488 2371 1594 2401 medio
1625 2370 1826 2408 interruptus
1850 2370 1882 2398 in
