2193 2832
1158 138 1188 177 4

252 233 399 267 dentatis
423 238 457 265 et
479 230 680 272 spinulosis,
704 229 798 269 apice
821 225 1054 261 obtusiusculo
1077 226 1206 260 duabus
1230 227 1374 269 spinulis
1397 228 1580 270 instruct03
1609 227 1762 265 lobor'um
1789 233 1980 268 lateralium
2003 238 2073 269 sive

252 286 375 328 pedum
397 283 514 317 annuli
536 282 646 314 ultimi
669 282 861 322 spuriorum
885 279 1048 313 articulus
1071 278 1186 312 finalis
1209 281 1362 313 internus
1395 280 1494 321 paulo
1516 281 1648 325 longior
1681 295 1777 325 quam
1808 285 1935 319 lamina
1957 287 2077 328 media,

255 348 274 371 e
297 337 372 370 basi
395 336 485 368 ovali
508 335 549 367 ad
572 335 700 375 apicem
723 335 932 371 coarctatus,
956 339 1116 365 externus
1139 331 1242 364 multo
1264 331 1414 375 longior,
1438 340 1601 377 angustus
1624 335 1665 367 ad
1688 337 1812 377 apicem
1843 339 1902 370 vix
1927 343 2077 372 coarcta·

253 397 325 431 tus,
348 389 503 427 obtusus,
526 393 664 427 uterque
687 385 767 426 pilis
790 385 900 428 longis
922 386 1066 417 obsitus.

371 441 489 473 Cuivis
512 438 704 471 abdominis
729 436 854 470 annulo
877 436 944 468 duo
967 436 1068 476 pedes
1092 437 1197 477 spurii
1221 435 1407 477 simplices,
1430 436 1613 470 lanceolati
1636 445 1670 470 et
1694 440 1844 482 margine
1866 443 2001 474 interno
2029 444 2076 484 pi-

253 494 298 526 lis
321 493 468 534 pinnatis
491 492 648 523 instructi
672 489 771 522 affixi
795 494 884 521 sunt.
939 488 978 519 In
1007 488 1154 520 maribus
1184 490 1292 530 quarti
1320 495 1447 521 tantum
1476 489 1596 522 annuli
1619 491 1721 533 pedes
1750 493 1854 532 spurii
1876 495 2020 536 majores
2044 502 2078 526 et

253 547 291 578 in
314 555 442 587 organa
465 544 610 586 partium
633 541 830 585 genitalium
856 539 1035 573 auxiliaria
1063 541 1291 573 transformati
1314 548 1403 574 sunt.
1462 542 1631 575 Constant
1655 553 1673 574 e
1695 546 1789 583 parte
1812 542 1920 576 basali
1948 547 2077 578 brevis-

254 598 340 630 sima
363 603 396 629 et
419 595 547 629 duabus
571 595 720 636 partibus
744 592 920 633 finalibus,
943 602 1080 634 quarum
1102 594 1239 625 interna
1261 592 1391 635 brevis,
1421 596 1568 635 simplex
1601 593 1745 635 pilisque
1778 596 1930 638 pinnatis
1957 596 2076 634 obsita,

255 655 401 681 externa
434 654 545 681 autem
578 646 790 688 longitudine
825 651 958 676 sextum
993 644 1180 676 abdominis
1209 646 1368 677 annulum
1391 657 1556 688 superans
1579 646 1685 678 tribus
1717 647 1869 680 articulis
1893 649 2078 690 composita

255 708 317 733 est.
363 701 501 734 Primus
526 698 687 731 articulus
710 708 729 729 e
753 698 826 730 basi
858 698 928 728 lata
955 698 990 729 in
1013 696 1138 738 stylum
1163 700 1296 729 tenuem
1320 704 1353 728 et
1376 699 1510 741 longum
1538 700 1648 731 subito
1672 706 1875 740 coarctatus,
1909 701 2078 732 secundus

255 752 318 785 hoc
340 758 461 794 quater
482 750 615 783 brevior
637 760 676 782 ac
699 749 919 791 styliformis‚
941 749 1060 781 tertius
1084 749 1223 789 denique
1247 750 1430 781 secundum
1453 749 1668 793 longitudine
1686 760 1836 793 aequans
1860 758 1894 782 et
1916 752 1951 783 in
1963 752 2078 784 furcae

254 804 396 836 formam
418 803 502 835 duos
525 803 561 834 in
583 811 694 834 ramos
715 802 847 834 divisus
871 808 937 842 est,
961 809 1099 842 quornm
1122 807 1259 842 uterque
1281 808 1458 841 curvatus,
1481 802 1702 835 subtilissime
1725 804 1936 835 acuminatus
1954 804 2078 844 spinis-

255 865 319 896 que
342 854 473 887 obsitus
497 861 561 887 est.

370 906 472 939 Color
495 905 643 943 albidus3
667 916 774 938 venae
795 905 912 938 fuscae
935 905 971 937 in
994 915 1130 937 ovorum
1155 904 1317 946 capsulis,
1341 905 1376 936 in
1399 903 1574 937 oculorum
1597 906 1706 946 scapis
1730 912 1763 937 et
1791 906 1826 938 in
1855 912 1952 948 parte
1974 905 2077 938 abdo-

253 959 354 991 minis
390 958 552 991 inseriore
583 959 806 1000 reperiuntur.
840 956 1035 998 Longitudo
1059 967 1124 989 nec
1146 957 1291 989 feminae
1315 967 1377 988 nec
1399 958 1499 988 maris
1524 967 1587 988 sex
1610 964 1773 998 septemre
1803 956 1912 990 lineas
1932 962 2078 999 superat.

371 1010 459 1043 Cum
481 1009 531 1042 M.
556 1010 727 1050 spinuloso
751 1019 856 1050 prope
879 1008 1054 1040 Gedanum
1077 1015 1112 1040 et
1136 1019 1242 1050 prope
1263 1010 1374 1041 vicum
1396 1008 1606 1041 Neukuhren
1640 1009 1676 1041 in
1710 1010 1793 1041 mari
1828 1009 1912 1042 haec
1947 1011 2077 1052 species

253 1061 385 1095 offensa
407 1068 470 1095 est.
515 1061 681 1101 Quamvis
706 1061 761 1093 hic
783 1061 896 1103 Mysis
925 1060 1152 1102 compluribus
1175 1062 1305 1102 quidem
1329 1061 1431 1093 rebus
1455 1072 1527 1093 cum
1555 1062 1606 1095 M.
1628 1062 1752 1103 vulyarz'
1775 1060 1964 1101 Thomps.
1993 1072 2078 1094 cou—

252 1123 375 1156 gruere
397 1113 565 1153 videatur,
589 1120 702 1146 tamen
731 1114 916 1145 secundum
944 1113 1203 1155 descriptionem
1238 1112 1338 1154 hujus
1372 1113 1496 1153 speciei
1529 1123 1550 1144 a
1572 1112 1701 1145 Milne
1725 1112 1921 1146 Edwards
1956 1112 2078 1151 datam,

253 1175 333 1198 num
357 1166 493 1197 omnino
516 1166 606 1198 inter
629 1175 666 1197 se
690 1167 908 1206 conveniant,
932 1166 1077 1198 nondum
1101 1167 1186 1198 satis
1211 1165 1292 1197 mihi
1315 1166 1526 1206 exploratum
1549 1171 1612 1199 est.
1668 1163 1938 1205 Thompsonii
1968 1171 2079 1198 autem

254 1217 295 1250 de
318 1217 414 1260 Mysi
436 1218 752 1251 commentationem
775 1227 966 1259 comparare
988 1217 1071 1250 mihi
1094 1227 1162 1249 non
1184 1217 1337 1261 contigit.

793 1314 1517 1448 AMPanssni

695 1516 1042 1562 Genus
1107 1515 1648 1560 'saliti-us.

915 1629 1100 1658 Tautrus
1118 1629 1295 1658 saltator·
1313 1631 1424 1658 EDW,

532 1702 638 1728 mnne
656 1701 821 1728 Edwards
839 1703 857 1727 1.
876 1708 901 1727 c.
919 1701 971 1727 111.
989 1708 1014 1732 p.
1033 1699 1075 1727 14.
1092 1713 1127 1719 -
1165 1699 1288 1727 Talitrus
1305 1700 1411 1726 locusta
1428 1701 1525 1726 Latr.

342 1752 478 1786 Animal
500 1753 535 1785 in
559 1753 684 1784 nostris
707 1750 879 1784 littoribus
903 1751 1051 1794 vulgare.
1075 1750 1220 1783 Marium
1244 1751 1434 1793 longitudo,
1462 1760 1598 1791 corpore
1620 1755 1788 1790 porrecto,
1813 1756 1887 1782 octo
1899 1748 2019 1787 lineas,
2044 1753 2077 1781 et

256 1812 475 1838 antennarum
498 1815 609 1838 eorum
635 1810 764 1846 septem
802 1802 911 1836 lineas
944 1802 1094 1836 conficit.
1139 1803 1301 1835 Feminae
1324 1804 1344 1834 6
1367 1802 1493 1842 lineas,
1521 1808 1554 1834 et
1578 1808 1743 1834 antennae
1768 1811 1879 1834 earum
1902 1802 1925 1834 2
1946 1804 2075 1834 tantum

260 1858 367 1890 lineas
390 1856 522 1899 longae.

720 1953 1020 1999 Genus
1072 1954 1609 1999 GammaruS.

464 2054 580 2080 mLNE
599 2052 786 2080 EDWARDS
805 2054 824 2079 Ι.
842 2060 866 2079 c.
885 2053 936 2080 111.
954 2052 998 2081 42.

812 2134 843 2161 1.
879 2133 1129 2162 flammatus
1153 2134 1315 2162 locusta
1338 2135 1457 2161 FABR.
1475 2133 1523 2165 (3)

376 2203 470 2237 Haec
493 2205 639 2244 species,
662 2203 810 2244 quamvis
833 2204 869 2235 in
893 2205 994 2236 maris
1019 2205 1127 2236 nostri
1149 2203 1319 2236 littoribus
1348 2205 1494 2236 omnium
1518 2202 1774 2235 Crustaceorum
1803 2198 2000 2233 creberrime
2022 2201 2075 2232 in-

258 2257 428 2298 veniatur,
453 2263 564 2288 tamen
587 2254 813 2296 compluribus
837 2255 935 2288 rebus
959 2267 980 2288 a
1003 2255 1181 2288 Gammaro
1204 2256 1347 2296 locusta,
1371 2267 1391 2288 a
1414 2255 1547 2288 Milne
1570 2254 1764 2286 Edwards
1793 2252 1816 2284 l.
1837 2263 1868 2286 c.
1891 2263 1920 2292 p.
1944 2254 1996 2284 4⁴.
2019 2251 2075 2283 de-

258 2309 395 2349 scripto,
420 2308 535 2341 differt
556 2308 696 2349 ideoque
719 2309 906 2340 accuratius
930 2307 987 2341 hic
1010 2308 1249 2341 describendus
1274 2316 1335 2340 est.

377 2368 554 2401 Antennae
584 2369 775 2410 superiores
797 2367 1014 2401 inferioribus
1037 2369 1206 2412 longiores
1236 2377 1313 2401 sunt
1347 2375 1380 2401 et
1402 2368 1549 2409 rejectae
1573 2366 1616 2399 ad
1640 2364 1826 2397 abdominis
1849 2363 1982 2395 initium
2004 2362 2075 2394 fere

262 2420 445 2459 pertinent3
468 2420 618 2461 articuli,
642 2421 697 2463 qui
721 2427 874 2455 truncum
897 2431 1010 2455 earum
1034 2428 1252 2463 componunt,
1276 2421 1320 2454 ad
1340 2420 1444 2462 hujus
1468 2419 1592 2460 apicem
1615 2427 1731 2451 versus
1754 2423 1786 2449 et
1811 2414 2019 2457 longitudine
2042 2419 2075 2444 et
