2193 2832
1170 146 1224 181 16

284 239 385 280 pedes
415 238 535 278 spurii,
568 243 606 268 ut
635 237 668 268 in
694 235 881 275 Philoscia‚
915 236 1066 278 margine
1094 236 1258 267 interiore
1285 236 1414 267 tantum
1437 234 1598 269 lateribus
1621 238 1736 270 annuli
1759 238 1869 271 ultimi
1893 240 1990 273 affixi
2014 250 2101 282 sunt,

283 292 432 334 margine
463 290 631 322 exteriore
660 287 792 320 liberos
823 289 1009 320 Processus
1034 288 1181 329 denique
1205 286 1365 319 laterales
1390 286 1587 319 annulorum
1611 288 1854 323 thoracicorum
1880 300 2022 333 quatuor
2044 305 2103 327 an-

285 345 444 375 teriorum
468 351 597 380 semper
620 339 762 381 angulos
785 350 890 379 paene
914 347 1025 371 rectos
1049 341 1102 371 vel
1127 338 1280 378 obtusos,
1304 350 1365 371 nec
1389 342 1479 370 retro
1503 342 1729 381 prominentes
1753 342 1888 376 habent.
1932 344 2103 377 Differunt

284 402 394 427 autem
424 394 506 425 haec
534 391 693 424 animalia
723 402 743 423 a
771 402 894 432 genere
918 391 1092 422 Philoscia
1121 397 1154 422 et
1182 390 1394 431 processibus
1418 390 1617 424 frontalibus
1647 401 1680 424 et
1708 402 1928 428 antennarum
1953 403 2103 428 constru-

283 449 392 479 ctione
416 451 448 476 et
472 443 623 476 articulis
647 443 805 475 finalibus
831 443 946 481 pedum
970 443 1159 482 spuriorum
1183 442 1291 474 ultimi
1314 444 1414 483 paris,
1461 442 1609 476 Exstant
1632 446 1719 477 enim
1742 458 1917 486 processus
1941 447 2104 481 frontales

282 496 457 533 laterales,
483 496 543 527 sub
569 497 719 537 margine
743 495 864 526 frontis
890 495 1062 536 superiore
1086 502 1121 526 et
1145 506 1246 536 supra
1269 494 1365 526 basin
1390 501 1607 527 antennarum
1632 499 1794 538 majorum
1818 500 1885 533 siti.
1930 499 2104 532 Antenna-

282 561 355 581 rum
379 556 515 580 truncus
541 548 687 588 quidem,
715 554 751 577 ut
774 547 808 577 in
832 545 1020 585 Philoscia‚
1050 546 1190 578 articulo
1215 547 1362 578 secundo
1386 547 1477 578 intus
1502 558 1567 578 non
1593 551 1719 580 tumido
1743 551 1927 582 instructus
1951 558 2019 591 est,
2043 551 2104 583 fla-

282 600 406 643 gellum
431 604 560 639 autem,
585 599 689 631 oculis
714 609 779 629 non
804 599 942 629 armatis
968 605 1194 638 conspectum,
1218 609 1284 629 uno
1308 604 1437 630 tantum
1461 599 1599 631 articulo
1623 602 1752 640 conico,
1776 602 1895 633 ultimo
1918 604 2028 634 trunci
2053 613 2104 634 ar·-

282 652 386 684 ticulo
412 652 517 684 multo
542 653 703 689 tenuiore,
727 656 861 681 setaceo
885 649 974 681 effici
998 650 1146 686 videtur3
1170 651 1398 692 magnitudine
1422 661 1500 682 vero
1524 651 1628 683 multo
1652 659 1749 683 aucta
1771 655 1869 685 trium
1888 653 2104 685 articulorum

282 705 430 746 vestigia
459 709 633 744 apparent,
664 713 747 743 quae
778 702 819 732 ad
848 703 976 742 apicem
1007 713 1123 733 versus
1153 703 1277 733 sensim
1309 709 1521 735 coarctantur
1544 710 1577 735 et
1600 704 1633 735 in
1658 703 1744 743 pilos
1769 705 1947 737 nonnullos
1970 704 2104 738 abeunt.
2152 712 2156 715 *

280 757 461 789 Antennae
485 755 662 786 interiores
687 754 793 794 magis
818 756 918 785 etiam
942 755 1137 794 diminutae,
1163 765 1258 794 quam
1282 755 1316 786 in
1329 755 1509 794 Philoscia,
1534 767 1578 787 ex
1602 766 1667 786 uno
1692 756 1787 787 modo
1801 757 1939 788 articulo
1951 762 2104 788 constare

282 809 441 841 videntur
463 814 496 838 et
520 808 554 838 in
578 807 670 846 apice
695 805 833 845 pilorum
858 807 945 837 serie
969 805 1099 838 obsitae
1123 813 1209 839 sunt.
1256 807 1383 839 Pedum
1408 808 1591 847 spuriorum
1614 806 1722 838 ultimi
1747 808 1839 849 paris
1863 807 1993 839 articuli
2016 806 2104 839 fina-

282 861 351 898 les,
376 864 410 892 et
430 860 609 891 interiores
634 863 666 888 et
690 858 890 897 exteriores,
914 859 1050 889 omnino
1073 859 1298 899 prominentes
1323 865 1355 890 et
1379 865 1448 891 tota
1471 858 1546 890 basi
1568 859 1708 891 articulo
1731 859 1839 891 basali
1863 858 1973 899 affixi,
1997 859 2104 892 conici

283 918 360 944 sunt
385 918 418 944 et
441 912 534 951 apice
558 917 632 941 seta
656 911 739 942 satis
762 909 864 952 longa
887 911 1052 942 instructi.

940 1013 972 1039 1.
1007 1010 1097 1039 Rea
1114 1011 1263 1046 laevis,
1298 1020 1360 1040 nov.
1379 1021 1450 1047 spec.

397 1092 504 1133 Caput
529 1092 679 1134 margine
704 1092 872 1122 anteriore
894 1089 1087 1127 rotundat03
1111 1100 1288 1129 processus
1312 1089 1476 1121 frontales
1495 1088 1721 1130 subtriquetri,
1745 1090 1841 1130 apice
1854 1089 1989 1128 obtu805
2013 1090 2103 1123 oculi

283 1144 435 1185 elliptici.
480 1144 609 1184 Corpus
639 1142 707 1174 alte
731 1148 915 1180 arcuatum,
945 1140 1123 1172 altitudine
1148 1142 1322 1173 dimidium
1346 1140 1534 1172 latitudinis
1559 1153 1665 1184 paene
1690 1149 1876 1182 superante.
1921 1141 2103 1173 Processus

282 1197 498 1236 annulorum,
528 1202 561 1227 et
586 1195 729 1226 thoracis
759 1201 792 1225 et
821 1193 1024 1232 abdominis,
1054 1191 1172 1224 breves
1196 1200 1229 1224 et
1253 1194 1407 1224 deorsum
1430 1194 1530 1224 versi.
1578 1193 1725 1225 Ultimus
1749 1193 1937 1225 abdominis
1961 1192 2104 1225 annulus

283 1249 357 1281 basi
380 1247 467 1287 lata,
490 1248 677 1287 posteriore
700 1252 805 1286 parte,
829 1256 926 1285 quum
951 1245 1122 1286 margines
1145 1244 1304 1276 laterales
1328 1245 1438 1277 excisi
1461 1246 1539 1283 sint,
1564 1246 1700 1277 dimidio
1725 1246 1930 1288 angustiore,
1954 1245 2104 1287 margine

282 1301 468 1341 posteriore
492 1301 599 1339 (apice
624 1299 790 1337 truncato)
815 1296 984 1336 paululum
1010 1298 1226 1338 emarginato.
1378 1337 1382 1340 .

397 1350 597 1391 superficies
622 1352 723 1381 totius
748 1350 895 1388 corporis
919 1347 1045 1388 laevis,
1077 1347 1188 1379 colore
1211 1348 1324 1386 fusco;
1358 1347 1475 1380 annuli
1498 1347 1623 1390 singuli
1646 1349 1798 1390 margine
1822 1346 2047 1380 subtilissimo
2065 1355 2104 1378 *et

278 1403 390 1436 albido
421 1404 532 1435 cincti.
577 1403 617 1434 In
647 1403 756 1443 capite
786 1407 955 1441 punctae
982 1400 1077 1432 fusco
1112 1399 1310 1440 albicantia,
1345 1403 1380 1432 in
1411 1399 1549 1431 thorace
1587 1401 1692 1430 striae
1716 1399 1874 1442 obliquare
1897 1406 1931 1430 et.
1953 1398 2104 1430 maculae

279 1466 405 1497 parvae
429 1455 578 1496 ejusdem
602 1453 723 1485 coloris
748 1453 1007 1494 conspiciuntur.
1053 1453 1245 1495 Longitudo
1268 1453 1327 1484 vix
1350 1454 1369 1483 2
1393 1451 1466 1490 lin.,
1490 1452 1630 1482 latitudo
1654 1452 1728 1489 0,66
1751 1450 1813 1482 lin.

397 1506 544 1546 Reperta
569 1513 620 1538 est
643 1517 662 1537 a
686 1517 738 1537 me
762 1506 797 1536 in
823 1505 894 1544 ripa
918 1505 991 1545 ejus
1015 1504 1088 1544 rivi,
1113 1506 1166 1545 qui
1191 1504 1320 1536 hortum
1344 1505 1470 1546 regium
1486 1502 1608 1535 Olivae
1633 1513 1734 1543 prope
1761 1501 1934 1533 Gedanum
1957 1501 2103 1542 perfluit.

279 1558 346 1590 Hic
369 1557 429 1589 sub
454 1568 568 1589 musco
592 1564 624 1588 et
648 1558 683 1588 in
708 1555 877 1588 radicibus
901 1555 1054 1587 arborum
1079 1556 1217 1587 habitat.
1254 1555 1305 1588 Ab
1329 1557 1399 1588 Itea
1412 1557 1535 1596 riparia
1559 1553 1694 1595 (Koch,
1719 1553 1740 1585 l.
1755 1565 1781 1585 c,
1805 1553 1886 1586 fasc.
1900 1555 1953 1594 34,
1967 1552 2023 1596 fig.
2038 1553 2102 1592 17.)

281 1609 364 1641 haec
388 1610 516 1649 species
540 1609 653 1641 colore
677 1609 813 1640 differre
837 1609 987 1647 videtur,
1018 1615 1051 1638 et
1075 1607 1271 1649 praesertim
1296 1608 1426 1648 quidem
1450 1618 1505 1646 eo,
1535 1606 1619 1647 quod
1644 1606 1762 1636 tertius
1786 1611 1817 1635 et
1841 1612 1975 1645 quartus
1999 1604 2102 1636 abdo-

281 1661 383 1693 minis
408 1660 551 1692 annulus
577 1671 641 1691 non
667 1661 711 1691 sit
734 1659 847 1691 colore
870 1659 1087 1700 flavescente,
1112 1661 1171 1691 sed
1195 1670 1268 1691 cum
1292 1660 1413 1691 ceteris
1438 1659 1582 1699 corporis
1607 1657 1758 1699 partibus
1782 1657 1919 1689 omnino
1934 1655 2100 1689 concolor.

284 1712 457 1752 (Forsitan
481 1713 627 1744 varietas
651 1716 781 1744 tantum
804 1710 898 1742 illius
922 1712 1047 1751 speciei
1071 1711 1166 1750 esd).

917 1822 952 1849 Ε.
1000 1823 1091 1849 Itea
1117 1821 1282 1856 Blengss,
1318 1830 1378 1849 nov.
1396 1830 1468 1856 spec.

396 1900 491 1932 Haec
519 1901 649 1940 species
673 1911 692 1930 a
717 1902 835 1932 ceteris
859 1900 959 1942 hujus
983 1901 1116 1943 generis
1140 1899 1316 1940 speciebus
1340 1911 1379 1931 eo
1403 1900 1584 1938 discrepat,
1620 1898 1706 1939 quod
1730 1907 1848 1939 corpus
1873 1897 1982 1928 minus
2006 1907 2100 1928 arcu-

280 1960 370 1985 atum
394 1959 428 1983 et
451 1953 615 1984 abdomen
642 1951 776 1983 thorace
801 1954 859 1983 vix
884 1954 1057 1994 angustius
1081 1958 1142 1984 est.
1176 1952 1358 1982 Processus
1382 1952 1485 1992 igitur
1506 1950 1662 1982 laterales
1687 1949 1832 1980 thoracis
1856 1959 1922 1980 non
1947 1949 2100 1980 deorsum

280 2005 362 2036 flexi
387 2011 480 2045 sunt,
505 2005 562 2035 sed
588 2004 681 2046 plani
706 2008 738 2035 et
762 2003 1061 2045 quadrangula1·es;
1085 2003 1274 2034 abdominis
1299 2002 1398 2033 solito
1422 2003 1565 2043 majores
1590 2006 1623 2032 et
1646 2001 1739 2043 plani
1764 2007 1840 2031 sunt
1863 2008 2015 2040 retroque
2038 1999 2099 2030 fle-

283 2062 424 2090 ctuntur.
448 2073 490 2079 —
514 2056 646 2096 Capitis
670 2066 746 2096 pars
772 2057 920 2087 anterior
942 2056 1030 2086 inter
1053 2054 1166 2086 oculos
1192 2055 1399 2096 prominens,
1423 2053 1716 2095 subtr-iangularis‚
1739 2062 1912 2092 processus
1936 2049 2099 2082 frontales

282 2104 441 2139 laterales
466 2107 826 2149 subquadrangulares.
874 2106 972 2139 Oculi
997 2108 1160 2146 perparvi,
1185 2108 1280 2147 nigri.
1305 2123 1345 2129 —
1373 2104 1530 2137 Ultimum
1548 2105 1732 2136 abdominis
1747 2103 1916 2145 cingulum
1930 2102 2003 2134 basi
2016 2101 2097 2141 lata,

281 2159 487 2204 margin-ibus
511 2160 709 2191 lateralibus
735 2160 873 2197 excisis,
898 2159 1038 2197 ideoque
1062 2166 1154 2197 parte
1178 2159 1361 2197 posteriore
1385 2157 1595 2198 angustiore,
1619 2158 1714 2198 apice
1736 2156 1923 2187 rotundato.

397 2212 527 2251 Capitis
560 2211 753 2251 superficies
779 2211 891 2252 granis
915 2211 1063 2248 obtecta,
1091 2211 1124 2241 in
1151 2210 1266 2249 quovis
1290 2208 1436 2239 thoracis
1461 2207 1593 2250 cingulo
1617 2215 1690 2239 octo
1714 2196 1846 2238 taeniae
1870 2206 1979 2238 editae
2002 2214 2098 2246 repe-

280 2264 427 2304 riuntur,
453 2274 473 2294 a
496 2265 643 2305 margine
669 2262 795 2305 cinguli
819 2266 852 2294 et
875 2262 1041 2293 anteriore
1065 2268 1097 2293 et
1121 2262 1305 2300 posteriore
1328 2259 1495 2300 paululum
1520 2267 1666 2291 remotae
1691 2267 1722 2291 ct
1745 2257 1948 2300 marginibus
1972 2257 2097 2287 latera-

279 2314 366 2345 libus
390 2314 588 2356 parallelae,
613 2315 743 2355 quibus,
768 2325 867 2356 quum
892 2315 925 2345 in
951 2313 1106 2345 omnibus
1131 2314 1273 2355 cingulis
1299 2312 1362 2343 sibi
1385 2312 1618 2351 respondeant,
1642 2316 1719 2343 octo
1743 2312 1847 2341 striae
1870 2309 1982 2340 editae
2006 2314 2039 2338 et
2061 2308 2096 2338 in

281 2364 427 2397 thoracis
450 2366 693 2409 longitudinem
718 2367 927 2407 pertinentes
952 2371 1201 2407 componuntur.
1248 2363 1445 2395 Abdominis
1470 2362 1585 2394 annuli
1610 2362 1724 2394 laeves
1738 2368 1813 2392 sunt
1828 2363 1969 2402 excepto
1983 2359 2093 2398 tertio,

280 2418 374 2457 cujus
398 2419 434 2449 in
457 2419 567 2450 medio
591 2418 720 2449 similes
744 2428 782 2449 ac
804 2419 838 2450 in
862 2418 997 2450 thorace
1022 2417 1223 2448 eminentiae
1248 2417 1509 2456 conspiciuntur.
1554 2415 1661 2447 Color
1683 2414 1828 2453 corporis
1852 2412 1994 2452 albidus,
2013 2411 2095 2443 stria
