2193 2832
968 116 1020 151 25

96 221 175 243 nere
199 211 382 250 sejunctum
411 211 472 238 est.
521 205 633 237 Ceteri
662 205 858 246 scriptores,
893 205 947 244 qui
971 205 1043 245 ejus
1065 205 1269 237 mentionem
1293 205 1458 246 fecerunt,
1492 205 1661 240 Miilleri
1683 209 1896 252 descriptioni

96 261 183 293 nihil
206 261 283 292 novi
308 258 503 290 addiderunt
527 263 561 288 et
584 255 689 295 adhuc
711 256 844 297 generis
868 255 968 287 Sidae
993 262 1090 288 notae
1113 267 1226 296 parum
1249 264 1399 289 accurate
1423 260 1577 299 cognitae
1598 259 1742 296 fuerunt.

210 326 309 359 Sidae
337 332 477 357 externa
508 324 656 364 corporis
684 323 790 355 forma
821 334 892 355 cum
917 322 1082 364 Daphniis
1106 326 1286 356 maximam
1309 332 1435 365 partem
1459 328 1618 369 congruit.
1662 328 1789 368 Corpus
1812 330 1899 361 enim

97 387 132 412 ut
157 380 191 412 in
214 379 284 411 illis
307 378 388 409 duas
412 377 445 407 in
469 382 579 416 partes
604 375 770 413 dividitur,
792 375 827 406 in
851 376 1048 407 anteriorem
1073 377 1144 408 sive
1170 375 1484 417 cephalothoracem,
1508 379 1562 418 qui
1585 385 1672 410 testa
1695 386 1784 412 arcte
1797 381 1900 413 vesti—

97 439 150 463 tus
175 437 237 471 est,
260 433 294 461 et
317 430 352 460 in
376 428 594 468 posteriorem
620 427 691 458 sive
715 427 887 466 abdomen,
912 428 995 467 quod
1019 426 1150 469 longius
1174 434 1358 467 porrectum
1376 435 1409 460 et
1421 429 1568 460 flexibile
1581 431 1680 469 pedes
1693 430 1900 464 branchiales

96 482 163 514 fert
191 492 228 513 ac
256 487 342 513 testa
372 478 495 511 bivalvi
526 477 633 509 solute
662 478 757 509 modo
780 478 945 509 detectum
970 485 1030 509 est.
1079 478 1153 519 Ipsa
1178 485 1285 510 autem
1310 479 1594 520 cephalothoracis
1618 477 1785 514 structura
1809 487 1841 514 et
1863 493 1900 514 eo

97 534 205 572 modo,
229 543 291 573 quo
315 530 465 562 valvulae
489 532 518 561 ei
543 530 718 570 adjunctae
742 536 828 567 sunt,
854 530 916 561 duo
938 541 1061 571 genera
1083 532 1228 562 maxime
1251 532 1338 562 inter
1362 542 1398 562 se
1422 531 1589 564 differunt.
1635 533 1901 573 Cephalothorax

97 585 185 617 enim
208 585 241 615 in
266 583 347 615 Sida
371 584 470 614 crista
493 582 631 622 quadam
655 585 763 613 testae
786 582 1002 621 prominente,
1027 592 1110 621 quae
1132 583 1166 613 in
1190 581 1355 622 Daphniis
1379 593 1476 622 supra
1500 586 1718 616 antennarum
1742 588 1898 626 majorum

99 635 196 667 basin
225 636 362 667 fornicis
392 634 488 665 modo
518 639 666 664 arcuata'
683 639 751 672 est,
785 634 820 664 in
849 634 930 665 duas
958 639 1069 672 partes
1097 633 1273 664 latitudine
1296 634 1384 664 inter
1412 645 1448 665 se
1477 635 1625 666 diversas
1651 646 1714 666 non
1739 637 1897 674 dividitur¹

98 686 316 720 sed-'eandem
341 686 411 717 fere
435 684 645 716 latitudinem
672 685 841 724 superiore
866 691 966 725 atque
989 684 1146 716 inferiore
1170 688 1265 724 parte
1287 684 1388 716 habet
1412 691 1445 716 et
1468 687 1620 718 omnibus
1642 686 1790 726 partibus
1813 694 1898 719 arcte

98 746 130 770 et
159 736 376 778 aequabiliter
406 743 493 768 testa
522 737 665 769 vestitus
694 744 762 776 est,
797 742 832 767 ut
860 736 943 768 haec
973 737 1129 768 continuo
1160 738 1201 768 ab
1225 748 1264 768 eo
1287 738 1321 768 in
1346 743 1510 769 antennas
1534 741 1676 780 maj0res
1700 744 1848 769 transeat
1871 745 1898 769 et

97 790 188 821 basis
216 788 331 820 harum
361 798 496 830 prorsus
521 789 606 819 nuda
631 795 728 828 atque
752 791 869 829 aperta
893 788 946 818 sit.
993 787 1144 820 Incisura
1166 789 1282 830 igitur,
1311 799 1373 828 qua
1396 789 1535 821 inferior
1558 800 1632 829 pars
1655 788 1861 822 valvularum
1885 800 1898 821 a

98 840 369 880 cephalothorace
393 843 544 881 sejuncta
568 843 637 880 est,
661 849 762 878 parva
786 845 990 881 angustaque
1016 842 1069 871 est
1092 846 1125 870 et
1149 844 1368 871 antennarum
1393 843 1511 871 trunco
1534 840 1710 882 obtegitur.

212 909 439 940 Antennarum
463 912 625 950 majorum
649 914 812 939 structura
835 907 916 941 haec
939 916 1000 941 est.
1030 908 1196 940 Constant
1219 919 1237 939 e
1260 918 1380 950 magno
1403 915 1519 940 trunco
1543 916 1575 940 et
1598 920 1643 940 ex
1655 908 1781 940 duobus
1794 909 1904 940 ramis.

99 961 252 993 Truncus
276 970 412 991 crassus
437 967 469 990 et
493 961 624 991 conicus
649 959 774 991 duobus
797 958 958 999 articulis,
982 960 1087 991 altero
1109 959 1319 999 brevissimo,
1343 959 1450 991 altero
1473 959 1623 1002 longiore
1646 967 1680 991 et
1704 961 1795 1000 apice
1820 971 1907 992 com-

97 1011 246 1052 pluribus
270 1011 411 1052 spinulis
434 1013 595 1042 instructo
619 1013 822 1051 componitur
834 1018 866 1042 et
878 1010 997 1043 validis
1011 1010 1170 1043 musculis
1184 1017 1346 1042 movetur.
1376 1011 1524 1043 Duorum
1547 1022 1721 1052 ramorum,
1746 1012 1801 1052 qui
1823 1012 1907 1051 apici

99 1063 205 1094 trunci
235 1063 403 1102 insident,
437 1064 585 1102 superior
613 1074 631 1093 e
660 1063 784 1102 tribus,
818 1063 959 1094 inferior
982 1074 1000 1094 e
1022 1062 1148 1094 duobus
1177 1062 1329 1093 articulis
1354 1069 1493 1096 constat.
1540 1061 1725 1102 Superioris
1749 1062 1907 1095 articulus

101 1115 226 1155 primus
248 1114 483 1153 brevissimus,
507 1115 599 1154 apice
625 1114 757 1154 oblique
781 1120 968 1153 truncatus,
992 1114 1154 1145 secundus
1178 1113 1279 1153 triplo
1302 1114 1431 1155 longior
1454 1121 1487 1145 et
1510 1115 1544 1145 in
1568 1116 1716 1157 margine
1739 1116 1907 1154 superiore

101 1166 198 1206 spina
229 1167 311 1197 satis
341 1165 456 1207 longa,
489 1167 523 1196 in
553 1166 712 1197 inferiore
741 1165 846 1197 tribus
877 1166 958 1196 setis
985 1166 1181 1203 instructus,
1217 1165 1335 1196 tertius
1359 1165 1502 1207 denique
1526 1167 1670 1197 secundo
1694 1167 1753 1197 vix
1776 1166 1908 1207 longior

102 1220 198 1258 spina
226 1219 353 1248 minore
382 1218 527 1257 setisque
557 1223 630 1248 octo
653 1216 787 1257 paribus
810 1216 996 1248 intervallis
1021 1217 1196 1268 disjunctis
1220 1215 1350 1248 obsitus
1375 1224 1436 1248 est.
1482 1217 1609 1250 Ramus
1634 1217 1788 1257 inferior,
1812 1228 1907 1257 supe-

101 1270 188 1301 riore
216 1267 319 1299 multo
347 1267 480 1299 brevior
509 1269 591 1300 duos
620 1268 718 1299 modo
747 1267 846 1298 habet
870 1267 1044 1308 articulos,
1081 1278 1217 1308 quorum
1242 1267 1329 1299 alter
1354 1268 1474 1310 longus
1499 1276 1532 1300 et
1556 1269 1757 1310 cylindrieus
1781 1269 1909 1308 spinam

101 1320 232 1361 longam
257 1326 426 1364 setamque
449 1330 562 1358 unam,
587 1319 672 1352 alter
695 1320 912 1352 brevissimus
934 1326 968 1350 et
992 1329 1201 1361 compressus
1226 1326 1365 1359 quatuor
1388 1326 1479 1353 setas
1502 1320 1665 1360 palmatas
1687 1321 1762 1352 fert.
1809 1318 1908 1351 Setae

101 1382 216 1404 omnes
237 1372 347 1411 parvis
371 1370 584 1410 processibus
607 1371 818 1403 articulorum
841 1372 1034 1411 impositae,
1057 1371 1289 1404 biarticulatae
1312 1379 1345 1403 et
1368 1371 1538 1412 plumosae
1562 1379 1647 1406 sunt.

215 1439 295 1470 Post
319 1439 380 1470 has
405 1443 569 1472 antennas
591 1441 624 1472 in
650 1442 798 1480 corporis
821 1439 982 1472 lateribus
1005 1440 1220 1472 mandibulae
1242 1452 1382 1483 magnae
1407 1448 1440 1472 et
1463 1447 1592 1473 ceterae
1615 1440 1682 1472 oris
1701 1446 1810 1480 partes
1824 1441 1909 1471 sitae

102 1498 195 1529 sunt,
224 1501 306 1530 quae
335 1491 456 1522 iisdem
480 1491 705 1531 Daphniarum
729 1491 877 1531 partibus
901 1493 1036 1524 omnino
1060 1493 1188 1524 similes
1213 1503 1287 1525 esse
1311 1493 1472 1524 videntur.
1518 1511 1561 1516 —-
1604 1491 1800 1530 Abdomini,
1825 1492 1908 1531 quod

100 1541 203 1572 multo
232 1541 380 1583 longiuS‚
415 1554 512 1584 quam
543 1544 576 1574 in
602 1543 765 1584 Daphniis
789 1550 974 1583 porrectum
1000 1551 1066 1583 est,
1101 1555 1164 1576 sex
1187 1546 1279 1584 paria
1301 1545 1416 1584 pedum
1441 1543 1681 1576 branchialium
1706 1544 1787 1574 satis
1810 1543 1908 1585 longe

100 1594 187 1624 inter
210 1603 246 1624 se
269 1594 428 1625 distantia
450 1596 580 1626 inserta
602 1602 690 1628 sunt.
719 1596 839 1626 Forma
863 1596 962 1634 pedes
985 1595 1026 1626 ab
1050 1596 1167 1627 iisdem
1192 1595 1340 1635 partibus
1363 1606 1518 1637 generum
1544 1594 1694 1626 affinium
1709 1595 1908 1636 discrepant,

100 1655 197 1684 quum
220 1655 300 1677 vero
323 1644 405 1676 haec
420 1657 473 1687 *ex
499 1647 733 1689 descriptione,
757 1646 871 1689 figuris
896 1657 961 1677 non
986 1647 1137 1688 adjectis,
1162 1647 1302 1678 difficile
1325 1649 1481 1689 cognosci
1505 1647 1620 1687 possit,
1643 1647 1757 1686 paucis
1782 1649 1909 1677 tantum

100 1695 210 1727 verbis
235 1696 429 1729 describam.
464 1697 618 1738 Quinque
642 1699 748 1737 pedes.
765 1699 947 1730 anteriores
973 1699 1084 1730 eadem
1111 1706 1188 1730 sunt
1210 1699 1316 1730 forma
1340 1706 1372 1730 et
1394 1698 1520 1730 lamina
1544 1703 1782 1737 componuntur
1805 1697 1907 1732 tenui,

100 1749 376 1787 membranacea,
393 1747 563 1790 elongata,
588 1750 635 1780 ita
657 1749 763 1789 flexa,
786 1756 822 1780 ut
845 1749 1039 1789 superficies
1064 1752 1212 1782 anterior
1235 1761 1401 1789 convexa,
1424 1751 1586 1790 posterior
1610 1759 1753 1781 concava
1776 1749 1828 1780 sit.
1854 1746 1908 1779 Ex

101 1800 250 1841 margine
271 1801 433 1831 interiore
457 1811 524 1831 non
548 1800 662 1840 procul
684 1811 705 1832 a
727 1800 800 1832 basi
825 1802 970 1842 cujusvis
992 1801 1085 1841 pedis
1108 1801 1239 1834 lobulus
1263 1801 1477 1844 triangularis
1489 1802 1664 1841 prominet,
1689 1802 1783 1841 cujus
1797 1810 1908 1840 margo

103 1852 254 1890 superior
282 1852 401 1892 viginti
428 1852 498 1883 sere
526 1853 608 1883 setis
638 1851 857 1883 biarticulatis
887 1859 919 1883 et
948 1852 1107 1892 plumosis
1137 1854 1264 1885 obsitus
1295 1858 1356 1886 est.
1402 1853 1440 1884 In
1470 1853 1617 1895 margine
1641 1852 1811 1883 exteriore
1833 1850 1909 1881 huic

102 1903 243 1933 laciniae
268 1913 310 1933 ex
336 1903 474 1934 adverso
498 1913 672 1942 processus
696 1905 827 1943 quidam
851 1904 1028 1944 bipartitus
1051 1906 1134 1936 situs
1159 1912 1223 1944 est,
1246 1906 1299 1945 qui
1323 1905 1514 1936 membrana
1538 1904 1627 1935 tenui
1650 1903 1851 1943 compositus
1876 1910 1909 1933 et

102 1954 135 1984 in
164 1953 333 1984 vesiculae
364 1955 493 1986 modum
522 1954 655 1986 inflatus
686 1962 748 1986 est.
794 1955 885 1987 Infra
913 1955 973 1987 has
1001 1962 1111 1996 partes
1128 1948 1232 1996 ¹pedis
1261 1957 1385 1988 lamina
1413 1957 1447 1987 in
1477 1957 1558 1987 duas
1586 1955 1746 1993 lacinias,
1770 1953 1907 1986 alteram

102 2011 225 2036 rectam
250 2008 283 2035 et
306 2010 493 2046 angustam,
518 2005 658 2037 alteram
681 2008 714 2038 in
740 2008 888 2038 exterius
913 2017 1044 2038 versam
1069 2014 1102 2039 et
1124 2007 1306 2050 longiorem
1331 2015 1364 2040 et
1386 2008 1536 2039 latiorem
1561 2007 1669 2038 divisa
1692 2013 1753 2038 est.
1777 2005 1842 2036 Illa
1865 2015 1908 2036 ex

101 2054 207 2086 trihus
237 2055 384 2087 articulis
409 2064 562 2088 constare
585 2059 716 2089 videtur
739 2062 773 2089 et
796 2060 830 2089 in
854 2059 946 2097 apice
970 2049 1003 2089 et
1025 2059 1061 2090 in
1085 2065 1154 2091 toto
1178 2061 1327 2102 margine
1350 2061 1509 2091 interiore
1532 2058 1600 2089 fere
1624 2058 1760 2099 triginta
1783 2056 1907 2087 duabus

100 2108 184 2139 setis
209 2106 431 2140 biarticulatis
454 2108 681 2150 plumosisque
704 2109 812 2142 obsita
836 2116 898 2150 est,
922 2110 1005 2141 haec
1027 2111 1061 2141 in
1084 2113 1234 2153 margine
1256 2112 1415 2142 inferiore
1440 2118 1563 2150 septem
1577 2110 1658 2140 setis
1671 2107 1906 2144 inarticulatis,

102 2157 259 2195 dilatatis,
285 2158 445 2197 plumosis
470 2167 502 2191 et
526 2162 560 2191 in
585 2162 734 2202 margine
756 2165 896 2192 externo
920 2165 1057 2201 quatuor
1080 2164 1161 2194 setis
1185 2162 1350 2194 similibus
1374 2164 1538 2196 inOtructa
1552 2168 1611 2195 est.
1635 2178 1678 2184 —
1700 2160 1804 2191 Pedes
1818 2160 1906 2189 sexti

102 2210 190 2248 paris
219 2209 321 2240 multo
353 2212 495 2242 minores
523 2220 610 2243 sunt.
656 2212 694 2243 In
725 2213 873 2254 margine
897 2224 1007 2245 eorum
1031 2215 1163 2245 interno
1188 2225 1253 2245 non
1277 2214 1390 2253 procul
1414 2225 1432 2244 a
1456 2215 1529 2245 basi
1552 2213 1677 2244 lacinia
1700 2211 1908 2253 quadrangu-

101 2260 182 2292 laris
210 2263 389 2303 reperitur,
420 2273 502 2302 quae
531 2270 661 2302 praeter
688 2275 860 2304 processus
891 2264 1069 2297 nonnullos
1092 2267 1126 2296 in
1150 2267 1298 2307 margine
1322 2266 1402 2296 setis
1427 2265 1553 2303 duabus
1577 2266 1737 2296 instructa
1760 2268 1822 2294 est.
1868 2260 1906 2292 In

105 2313 253 2352 margine
282 2320 417 2345 externo
446 2324 526 2350 non,
555 2321 591 2344 ut
619 2317 654 2346 in
684 2315 762 2347 aliis
785 2315 939 2356 pedibus,
966 2318 1114 2349 vesicula
1138 2318 1194 2348 sed
1219 2326 1395 2358 processus
1420 2317 1548 2357 quidam
1575 2324 1751 2356 perparvus
1776 2319 1809 2344 et
1832 2311 1908 2343 sub-

105 2363 263 2394 rotundus
293 2371 326 2394 et
349 2365 382 2396 in
407 2366 555 2406 margine
578 2365 655 2405 pilis
679 2366 806 2400 obsitus
830 2368 1005 2417 invenitur.
1050 2369 1209 2400 Ceterum
1233 2367 1356 2400 lamina
1380 2369 1413 2399 in
1438 2367 1489 2400 his
1513 2377 1638 2407 quoque
1663 2364 1800 2407 pedibus
1823 2363 1907 2395 bilo-

1627 2419 1647 2448 4
