2193 2832
991 150 1005 171 'v

102 255 194 291 enim
222 250 419 290 nostratum
455 252 548 288 llaec
571 250 738 288 animalia
765 249 884 287 adhuc
927 249 1080 298 collegit
1109 253 1148 286 et
1181 249 1405 298 descripsit,
1447 262 1655 299 quamquam
1695 251 1741 287 iis
1782 257 1907 288 nostra

102 348 288 397 provincia
343 346 497 383 forsitan
550 345 670 382 multis
717 343 800 380 aliis
848 344 956 380 terris
1003 343 1149 380 uberior
1199 350 1283 389 est,
1337 355 1441 391 quum
1487 343 1602 381 fluvii⁴
1633 350 1672 382 et
1716 344 1822 383 lacus
1872 351 1909 381 et

103 441 257 485 fossae,
311 439 439 488 quibus
481 438 652 488 plurimae
701 440 783 486 ejus
824 423 1001 486 regiones
1050 437 1227 474 concisae
1276 442 1382 483 sunt,
1437 442 1476 474 et
1514 450 1637 485 mare,
1692 437 1790 487 quod
1815 438 1909 476 fines

104 534 200 570 alluit
218 562 227 579 ,
282 532 495 570 animalibus
548 532 768 580 aquatilibus
824 532 972 570 latibula
1003 518 1060 568 et
1106 531 1288 568 domicilia
1338 531 1494 575 maxime
1544 532 1647 568 varia
1698 532 1909 581 praebeant.

101 627 179 664 Sed
221 634 355 663 tantum
396 627 529 671 abest,
586 631 621 662 ut
663 638 732 671 ea,
787 638 879 674 quae
926 626 960 662 in
1008 626 1066 662 his
1107 624 1262 662 schedis
1303 624 1350 662 de
1391 624 1613 663 Crustaceis
1653 625 1783 669 trado,
1836 626 1911 662 ullo
1955 611 1957 616 ¹

103 720 210 757 modo
254 720 328 757 sint
375 720 474 757 finita
519 724 628 768 atque
669 719 862 761 absoluta,
917 725 952 756 ut
993 731 1107 768 parva
1151 718 1259 755 modo
1306 718 1483 769 principia
1524 720 1703 769 synopsis
1743 718 1912 756 habenda
1954 775 1957 777 ‚

104 813 200 856 sint,
256 827 334 850 nam
382 808 633 863 praeterquam
686 814 783 862 quod
829 814 1002 862 exiguum
1049 813 1157 851 modo
1204 818 1346 863 tempus
1391 814 1425 849 in
1468 813 1514 850 iis
1555 812 1780 863 colligendis
1827 825 1911 851 con-

104 920 248 944 sumere
290 908 413 957 potui,
468 919 537 944 eae
578 907 641 943 vix
682 908 883 956 regiones,
939 919 1032 956 quae
1074 908 1220 944 urbibus
1260 908 1508 957 Regiomonto
1563 914 1599 945 et
1641 907 1797 945 Gedano
1840 907 1913 944 cir—

104 1004 333 1049 cumjacent,
367 1004 443 1050 jam
486 1001 580 1038 satis
621 1007 794 1038 accurate
837 1002 1121 1050 pervestigatae
1163 1007 1270 1045 sunt3
1323 1007 1443 1039 tamen
1485 1013 1534 1048 erg
1575 1002 1632 1039 his
1674 1001 1804 1052 paucis
1836 1004 1913 1049 Jam

104 1095 254 1131 elucere
294 1101 406 1144 puto,
447 1094 616 1132 animalia
657 1095 856 1144 compluria
896 1095 1086 1144 regionum
1127 1100 1327 1132 nostratum
1367 1095 1511 1132 incolas
1554 1107 1669 1141 esse,
1711 1107 1804 1144 quae
1846 1094 1913 1130 ad—

104 1188 174 1224 huc
215 1188 273 1224 vel
315 1200 396 1223 raro
438 1193 569 1224 tantum
611 1189 671 1225 vel
712 1189 807 1225 locis
849 1188 958 1225 valde
1000 1190 1149 1225 remotis
1191 1194 1343 1238 reperta
1380 1194 1473 1226 sunt.

231 1339 339 1384 Quod
383 1339 430 1375 ad
470 1352 646 1389 generum
689 1346 725 1378 et
768 1342 929 1379 ordinum
970 1341 1252 1392 dispositionem
1295 1343 1449 1388 attinet,
1502 1342 1650 1393 Mi'lne
1690 1330 1913 1380 Edward-

104 1434 165 1470 sii
210 1434 333 1470 librum
383 1435 575 1483 egregium
630 1435 827 1479 „Histoire
882 1436 1061 1473 natur-elle
1110 1436 1180 1474 des
1221 1434 1459 1473 Crustaces⁴⁴
1501 1441 1678 1485 sequutus
1720 1449 1823 1483 sum,
1877 1441 1916 1475 et

104 1528 175 1563 nisi
221 1527 329 1564 ullum
378 1527 462 1563 mihi
508 1528 555 1565 de
604 1530 734 1578 specie
783 1529 992 1567 definienda
1041 1535 1121 1566 erat
1168 1529 1335 1575 dubium,
1390 1529 1664 1580 descriptiones
1704 1530 1821 1568 omisi.
1874 1533 1915 1568 In

105 1620 337 1670 explicandis
393 1629 430 1657 et
484 1622 711 1659 nominandis
765 1624 932 1673 corporis
986 1624 1150 1673 partibus
1207 1624 1291 1660 huic
1338 1623 1579 1661 celeberrimo
1627 1624 1799 1674 scriptori
1844 1637 1915 1661 non

106 1727 256 1763 prorsus
298 1714 440 1762 quidem
481 1716 674 1761 assentio,
729 1717 799 1754 sed
839 1729 886 1754 ne
927 1717 1034 1754 novis
1076 1716 1278 1754 nominibus
1319 1717 1594 1773 descriptiones
1644 1718 1914 1768 impedirentur,

106 1808 251 1844 usita1is
298 1808 500 1846 nominibus
547 1822 636 1846 usus
677 1823 765 1847 sum.
846 1811 1050 1848 Praeterea
1090 1811 1125 1847 in
1166 1811 1427 1849 describendis
1468 1811 1689 1849 Crustaceis
1730 1812 1916 1850 inferiori-

96 1877 172 1937 bus
219 1901 255 1937 hi
300 1901 381 1938 libri
434 1903 467 1938 in
524 1904 688 1940 manibus
742 1910 868 1963 erant:
922 1905 1112 1942 Mulleri
1157 1904 1468 1951 Entomostraca,
1521 1906 1695 1944 Jurinii
1748 1906 1915 1943 Histoire

108 1983 176 2030 des
214 1995 438 2041 Monocles,
493 1996 702 2033 Brandtii
750 1996 991 2048 Conspectus
1038 1999 1327 2058 monographiae
1367 1997 1654 2037 Crustaceorum
1701 2000 1916 2038 Oniscodo-

106 2100 179 2123 rum
220 2088 420 2149 Lati-eiflii,
475 2089 645 2127 Kochii
692 2091 970 2130 Deutschlands
1020 2091 1276 2139 Crustaceen,
1317 2093 1562 2143 Myriapoden
1608 2093 1681 2131 und
1730 2093 1916 2131 Arachni-

108 2180 203 2223 den;
258 2182 328 2218 sed
371 2195 579 2232 quamquam
620 2186 814 2245 nonnullos
862 2186 1005 2235 quidem
1047 2199 1194 2229 errores
1242 2187 1554 2237 descriptionibus
1603 2201 1673 2226 non
1713 2189 1807 2226 satis
1847 2200 1914 2225 ac-

108 2275 244 2311 curatis
285 2283 466 2313 evocatos
509 2277 691 2326 detegere
734 2279 814 2315 mihi
856 2280 1035 2330 contigit,
1090 2287 1211 2319 tamen
1253 2281 1336 2318 mihi
1376 2265 1531 2331 species
1571 2281 1762 2319 definituro
1814 2294 1915 2319 com-

107 2367 221 2415 pluria
260 2368 368 2405 dubia
408 2376 486 2407 orta
528 2384 596 2408 non
645 2380 783 2409 remota
824 2379 916 2410 sunt.
974 2374 1114 2420 *Grato
1154 2376 1265 2424 igitur
1311 2375 1429 2413 animo
1478 2387 1705 2425 agnoscam,
1760 2376 1792 2412 si
1834 2376 1914 2421 viri,
