2193 2832
1158 128 1211 164 32

272 222 354 253 satis
378 220 553 259 convexis,
577 225 670 259 parte
693 217 806 250 antica
829 217 1024 258 angustiore
1047 226 1142 257 quam
1166 216 1313 258 postica,
1337 217 1485 249 maxima
1508 223 1617 249 autem
1640 217 1820 251 latitudine
1843 220 1912 253 fere
1935 222 1970 252 in
1984 222 2079 254 med'1

272 274 350 305 sita,
384 270 590 314 Superficies
615 271 850 312 marginesque
872 268 998 300 laeves.

381 323 481 355 Color
505 331 608 354 canus
632 321 685 353 vel
710 332 727 352 e
751 321 851 353 viridi
876 319 1019 362 panem.
1060 319 1100 352 In
1124 326 1262 361 utraque
1284 319 1418 352 valvula
1440 319 1564 351 limbus
1588 330 1606 350 e
1630 321 1730 352 viridi
1753 323 1847 365 niger
1870 322 1911 355 ab
1935 324 2030 356 oculo
2053 336 2084 356 a(

273 376 456 417 marginem
485 376 593 406 testae
624 374 771 405 anticum
802 372 995 411 descendit3
1030 370 1091 403 sub
1116 371 1225 403 medio
1250 372 1424 414 utriusque
1448 371 1567 403 lateris
1592 373 1703 404 taenia
1726 372 1980 415 longitudinalis
2004 378 2087 417 ejus-

273 427 345 458 dem
371 425 497 458 coloris
522 432 554 456 et
578 436 679 466 prope
704 426 888 467 marginem
912 424 1106 456 inferiorem
1130 422 1338 456 valvularum
1361 423 1494 463 macula
1516 423 1661 466 oblonga
1684 425 1780 467 nigra
1802 432 1835 457 et
1858 427 2014 460 distincte
2034 429 2080 460 cir

274 479 471 518 cumscripta
495 478 707 517 conspicitur.
731 494 773 499 ——
797 477 990 518 Longitudo
1012 476 1087 515 0‚54
1110 473 1169 507 lin.

382 529 478 562 Haec
503 529 632 569 species
657 528 784 560 duobus
809 528 990 570 disjunctis
1013 525 1119 558 oculis
1143 526 1288 568 insignis
1312 532 1363 557 est
1386 532 1419 557 et
1443 525 1661 566 complurium
1685 529 1827 568 partium
1856 533 2022 562 structura
2055 530 2086 563 al

274 581 352 613 aliis
377 580 551 621 speciebus
576 579 694 612 abesse
718 579 859 612 videtur.
907 580 1021 620 Tergo
1044 579 1198 610 deorsum
1223 588 1325 609 verso
1349 576 1504 609 alacriter
1528 584 1631 613 natat.

382 632 502 665 Mense
526 632 675 675 Augusto
700 632 735 662 in
759 641 844 671 aqua
868 631 1022 671 quadam,
1046 641 1128 671 quae
1152 640 1196 662 ex
1209 629 1325 670 ,1f0ssa,
1349 628 1448 671 vulgo
1472 629 1748 673 „Landgraben“
1772 632 1954 670 nominata,
1978 631 2086 665 effluit

275 695 375 726 prope
399 685 656 728 chiomontum
680 683 798 724 reperi.

507 834 544 866 B.
591 834 741 875 Species,
777 837 811 868 in
833 835 947 877 quibus
970 845 1083 877 margo
1112 833 1261 875 inferior
1278 839 1377 866 testae
1400 845 1419 865 α
1442 833 1541 866 latere
1567 834 1653 866 visae
1680 834 1844 867 subrectus
1871 840 1933 873 est,
1961 842 1995 867 ut
2023 841 2090 869 test-

590 897 690 928 neque
713 888 829 926 uvalis,
857 897 957 929 neque
979 886 1162 929 reniformz's
1183 887 1237 918 sit.

626 988 656 1010 a.
702 977 785 1011 Pars
808 980 915 1010 antica
937 979 1033 1010 altior
1055 988 1146 1019 quam
1166 979 1300 1018 postica.

683 1071 713 1094 α.
759 1059 844 1094 Pars
865 1062 974 1092 antica
995 1061 1167 1102 angustior
1189 1069 1281 1101 quam
1300 1059 1437 1099 postica.

930 1181 965 1208 3,
1004 1179 1151 1214 cypris
1169 1180 1339 1210 fuscata
1363 1184 1450 1210 JUR.

453 1256 561 1282 Mllne
580 1255 745 1281 Edwards
764 1257 782 1281 l.
803 1263 826 1280 c.
846 1262 872 1287 p.
891 1253 950 1282 404.
970 1268 1005 1273 —-
1022 1255 1188 1281 Monoculus
1198 1256 1331 1288 fuscatus
1349 1258 1485 1288 Jurine,
1503 1257 1570 1282 hist.
1590 1258 1616 1282 d.
1635 1256 1710 1281 Mon.
1730 1262 1757 1287 p.
1777 1253 1835 1282 174.
1854 1258 1891 1288 pl.
1910 1253 1949 1281 19.
1969 1257 2018 1289 fig.
2036 1255 2063 1283 2.

387 1306 494 1338 Testa
518 1307 606 1338 infra
631 1313 826 1338 transverse
850 1313 997 1345 arcuata,
1023 1317 1136 1348 margo
1161 1307 1314 1347 inferior,
1339 1310 1368 1340 si
1392 1319 1412 1341 a
1434 1307 1540 1339 latere
1565 1308 1777 1347 conspicitur,
1791 1312 1900 1339 rectus
1913 1308 1967 1339 vel
1992 1318 2094 1348 parun

283 1369 470 1398 convexus,
498 1368 574 1398 pars
598 1359 710 1389 antica
734 1357 832 1388 altior
855 1368 951 1397 quam
974 1359 1118 1397 postica,
1142 1369 1257 1400 margo
1282 1361 1433 1400 superior
1458 1369 1630 1391 convexus
1655 1366 1688 1390 et
1711 1369 1814 1400 supra
1837 1357 1969 1390 oculum
1993 1369 2095 1398 parun

282 1418 424 1443 retusus.
469 1408 638 1441 Valvulae
662 1408 823 1440 lateribus
848 1408 944 1440 valde
969 1411 1141 1447 convexis,
1165 1410 1342 1443 latitudine
1367 1411 1575 1442 altitudinem
1599 1421 1704 1450 paene
1730 1412 1923 1449 superante3
1945 1410 2030 1442 duae
2048 1421 2101 1442 εκ,

281 1464 466 1495 tremitates
489 1461 667 1493 latitudine
690 1460 762 1492 fere
787 1460 952 1500 aequales.
998 1460 1198 1501 Supcrficies
1223 1463 1344 1503 ubique
1367 1462 1485 1503 pilosa.

390 1513 493 1545 Color
518 1524 535 1544 e
559 1513 655 1544 fusco
680 1513 870 1552 candicans,
895 1514 929 1544 in
955 1513 1223 1546 extremitatibus
1248 1517 1356 1556 magis
1381 1516 1558 1556 nigricans,
1606 1513 1644 1544 In
1669 1518 1764 1554 tergo
1788 1518 1862 1552 post
1885 1511 2015 1544 oculum
2040 1523 2103 1544 ma.-

282 1566 357 1598 cula
388 1564 664 1606 quadrangularis
697 1571 730 1595 et
758 1565 851 1597 fusca
879 1566 944 1596 sita
973 1572 1040 1602 est,
1077 1576 1121 1597 ex
1150 1577 1217 1607 qua
1244 1566 1350 1598 fascia
1380 1573 1513 1598 arcuata
1542 1572 1575 1596 et
1599 1565 1687 1595 infra
1710 1565 1745 1595 in
1769 1564 1849 1595 duas
1874 1564 2048 1596 discedens
2072 1565 2097 1596 i!

283 1624 423 1659 utraque
447 1616 582 1648 valvula
606 1617 790 1649 descendit.
835 1616 951 1648 Altera
975 1616 1074 1658 hujus
1099 1618 1222 1657 speciei
1246 1619 1392 1650 varietas
1416 1618 1535 1649 viridis
1560 1619 1621 1649 est,
1656 1633 1698 1639 -—
1734 1616 1924 1657 Longitudo
1947 1617 2023 1656 0,65
2047 1615 2104 1647 lin.

391 1669 513 1700 Forma
538 1675 645 1700 testae
668 1680 687 1700 a
710 1668 815 1700 latere
840 1669 933 1700 visae
958 1669 1054 1699 modo
1078 1669 1258 1709 descripta,
1282 1670 1385 1709 color,
1410 1668 1603 1709 superficies
1629 1667 1737 1709 pilosa
1761 1674 1794 1698 et
1818 1667 2011 1709 magnitudo
2036 1678 2105 1699 cum

282 1721 390 1762 figura
413 1721 561 1752 secunda
584 1720 738 1752 Jurinii
764 1731 898 1761 prorsus
923 1729 1122 1762 congruunt,
1148 1722 1205 1752 sed
1229 1721 1368 1753 formam
1393 1728 1500 1752 testae
1524 1731 1543 1752 a
1567 1729 1660 1762 tergo
1684 1721 1778 1751 visae
1801 1719 1856 1750 hic
1880 1720 2026 1760 scriptor
2049 1729 2097 1750 an

283 1774 349 1804 tice
378 1772 533 1804 latiorem
565 1784 659 1813 quam
689 1773 819 1812 postice
849 1773 1011 1812 depinxit.
1059 1771 1166 1809 Quum
1197 1784 1277 1805 vero
1307 1774 1397 1804 inter
1420 1783 1534 1804 omnes
1559 1773 1687 1812 species
1711 1771 1817 1803 adhuc
1840 1771 1991 1813 cognitas
2015 1770 2094 1802 nulii

284 1825 488 1866 reperiatur,
525 1835 608 1864 quae
643 1824 730 1856 hanc
764 1824 885 1857 habeat
920 1824 1079 1864 formam,
1116 1835 1228 1857 errore
1262 1825 1403 1866 quodam
1432 1825 1517 1856 hanc
1551 1823 1736 1856 Jurinii
1769 1822 1908 1864 figuram
1939 1824 2105 1855 inversam

284 1886 361 1908 esse
386 1882 473 1916 puto.

940 1959 976 1985 Δ..
1013 1957 1160 1992 cypris
1187 1958 1338 1986 striata
1363 1961 1453 1985 JUR.

457 2031 622 2058 Monoculns
641 2030 756 2057 striatas
774 2032 896 2058 Jurlne
916 2035 932 2057 l.
954 2040 977 2057 c.
996 2040 1023 2064 p.
1042 2031 1100 2059 177.
1121 2036 1157 2065 pl.
1178 2031 1218 2059 19.
1238 2035 1285 2067 fig.
1304 2033 1345 2060 11.

393 2083 500 2116 Testa
524 2083 610 2114 infra
634 2082 735 2124 plana
759 2090 791 2114 ct
815 2084 1020 2125 marginibus
1046 2083 1250 2116 valvularum
1275 2083 1491 2116 inferioribus
1515 2084 1653 2115 inflexis
1677 2085 1711 2116 in
1730 2083 1839 2115 medio
1853 2083 1936 2114 satis
1951 2092 2082 2114 concavi

286 2136 313 2166 A
345 2133 451 2166 latere
483 2136 714 2168 autem'visus
738 2146 850 2176 margo
875 2135 1016 2166 inferior
1039 2139 1150 2167 rectus
1175 2146 1250 2167 esse
1274 2137 1421 2176 videtur3
1455 2145 1532 2175 pars
1556 2142 1665 2168 testae
1688 2137 1802 2166 antica
1825 2136 1928 2166 multo
1952 2133 2049 2165 altior
2072 2144 2100 2163 ez

286 2185 446 2225 obtusior,
470 2198 564 2226 quam
588 2189 726 2227 postica.
772 2185 939 2218 Valvulae
963 2186 1125 2219 lateribus
1150 2194 1216 2219 tam
1241 2188 1388 2225 tumidis,
1412 2193 1447 2217 ut
1471 2187 1613 2219 latitudo
1638 2187 1847 2218 altitudinem
1871 2192 2012 2226 superet.
2036 2185 2103 2216 Ex-

285 2239 437 2270 tremitas
468 2239 595 2276 antica,
627 2239 656 2269 si
681 2245 769 2269 testa
793 2249 812 2269 a
834 2242 927 2280 tergo
951 2239 1169 2279 conspicitur,
1199 2238 1301 2270 multo
1326 2239 1452 2270 acutior
1477 2245 1509 2269 et
1533 2239 1705 2280 angustior
1728 2245 1780 2269 est
1803 2249 1898 2279 quam
1919 2237 2048 2276 postica
2071 2243 2104 2267 et

287 2290 436 2320 maxima
464 2288 606 2320 latitudo
635 2289 736 2330 longe
765 2294 839 2329 post
868 2290 1012 2321 medium
1042 2291 1117 2322 sita.
1164 2290 1291 2322 Oculus
1316 2301 1334 2322 a
1359 2292 1462 2322 latere
1492 2291 1582 2321 visus
1606 2301 1625 2321 a
1648 2291 1797 2332 margine
1820 2289 1918 2331 longe
1942 2294 2102 2325 remotus,

286 2351 304 2370 a
330 2347 422 2383 tergo
447 2340 726 2381 quadrangularis
752 2351 826 2373 esse
849 2342 987 2374 videtur.

396 2391 598 2432 Superficies
623 2393 742 2432 laevis,
767 2399 854 2425 testa
877 2393 1029 2427 unicolor
1052 2397 1088 2426 et
1111 2394 1240 2425 viridis.
1286 2393 1474 2436 Longitudo
1498 2393 1572 2432 0,35
1596 2391 1655 2426 lin.
