2193 2832
1152 171 1205 206 36

897 260 954 287 14.
990 258 1138 294 Cyprio
1165 259 1301 294 pilosa
1326 256 1456 288 MULL.

440 326 580 361 muller}
599 329 755 354 Entomost.
774 336 800 361 1».
820 329 862 357 59.
882 331 939 356 tab.
957 330 1008 356 VI.
1027 331 1073 364 fig.
1092 329 1118 356 5.
1137 328 1163 356 6.

382 379 488 413 Testa
511 380 602 412 infra
625 387 816 412 transverse
840 383 1008 420 convexa,
1043 392 1063 413 a
1086 380 1192 412 latere
1216 382 1305 414 visa:
1340 389 1433 422 parte
1467 383 1581 417 antica
1616 382 1720 414 multo
1753 383 1930 419 humiliore
1964 395 1997 419 et
2030 399 2087 420 an-

264 434 410 476 gustiore
444 442 540 472 quam
573 433 717 473 postica3
762 432 971 475 longitudine
1004 432 1216 464 latitudinem
1249 432 1372 474 multo,
1417 433 1597 466 altitudine
1626 445 1699 466 eam
1734 437 1793 467 vix
1830 447 2017 478 superante.
2043 458 2086 464 —

267 484 393 517 Oculus
417 495 548 524 parvus.
594 486 767 528 Margines
791 485 921 515 anticus
945 488 978 515 et
1001 485 1146 524 posticus
1172 484 1281 524 pilosi.
1305 503 1348 508 -—
1393 485 1494 517 Color
1518 496 1535 516 e
1558 486 1653 517 fusco
1677 486 1844 528 albicans»,
1868 500 1980 533 margo
2004 494 2087 523 anti·

268 547 323 567 cus
348 540 381 567 et
405 542 532 578 tergum
559 543 592 568 et
616 538 697 568 stria
721 538 754 567 in
780 543 919 577 utroque
942 535 1050 567 latere
1074 536 1141 568 sita
1163 536 1268 568 fusca.
1292 553 1333 560 —
1377 537 1568 579 Longitudo
1591 538 1678 577 0‚75.

379 587 417 619 In
442 588 534 619 fossa
557 589 695 628 quadam
720 599 786 619 non
809 588 923 628 procul
947 599 965 619 a
990 587 1215 629 Regiomonto
1239 599 1341 630 prope
1364 589 1471 620 vicum
1495 587 1606 619 Lauth
1631 590 1750 628 reperi.

374 639 482 677 Quum
507 640 543 674 C.
564 641 669 681 pilosa
693 650 712 672 a
736 639 916 671 Miillero
940 640 1054 679 paucis
1079 646 1206 673 tantum
1230 639 1341 671 verbis
1365 647 1398 672 et
1424 641 1614 680 imperfecte
1639 640 1808 682 descripta
1834 644 1894 683 sit,
1920 655 1986 676 non
2005 648 2088 678 satis

266 692 479 732 exploratum
503 698 572 730 est,
608 702 684 722 num
720 691 798 724 huic
821 692 945 732 speciei
983 691 1187 731 respondeat
1223 702 1338 724 necne.
1397 692 1520 725 Forma
1556 699 1666 723 autem
1696 699 1802 725 testae
1831 705 1851 725 a
1874 695 1981 727 latere
2006 697 2088 728 deli-

263 751 384 775 neatae
407 754 479 775 cum
505 755 544 774 ea
569 744 725 775 convensst
755 751 788 775 et
811 751 900 776 certe
930 742 1076 775 similior
1104 743 1180 775 huic
1209 754 1285 776 esse
1318 744 1449 775 videtur
1484 755 1578 785 quam
1614 745 1719 789 Cypri
1750 745 1914 788 fuscatae,
1949 758 2088 788 quacum

264 796 441 838 conjunxit
463 794 617 829 Jurine.

860 864 917 892 15.
953 863 1100 898 cypris
1126 863 1298 901 rubida,
1326 873 1376 891 nov
1404 873 1475 899 spec.

382 933 488 965 Testa
510 934 598 965 infra
621 940 813 966 transverse
836 945 1007 973 convexa,
1041 944 1061 966 a
1083 933 1189 965 latere
1213 935 1288 966 visa
1312 936 1463 977 margine
1497 935 1656 966 inferiore
1693 943 1807 975 recto,
1844 943 1936 975 parte
1973 938 2085 969 antica

264 993 296 1016 et
330 985 507 1017 humiliore
531 993 575 1026 ,et
609 987 802 1027 angustiore
836 997 932 1026 quam
966 986 1108 1026 postica3
1142 985 1287 1018 valvulis
1322 986 1418 1018 valde
1453 987 1634 1026 convexis3
1668 986 1844 1028 latitudine
1875 988 2088 1020 altitudinem

261 1037 333 1068 fere
357 1044 549 1079 superante.
607 1037 737 1070 Oculus
775 1048 900 1077 parvus
923 1036 1065 1068 difficile
1089 1038 1238 1078 conspici
1262 1045 1381 1077 potest.
1439 1037 1559 1077 Margo
1587 1039 1734 1069 anterior
1763 1045 1796 1069 et
1820 1041 1986 1080 posterior
2009 1040 2091 1082 pilis

262 1089 372 1130 longis
396 1090 590 1122 instructus.
648 1089 749 1121 Color
772 1101 790 1120 e
814 1088 934 1120 rubido
958 1089 1087 1126 fuscus,
1123 1088 1263 1120 maculis
1300 1089 1411 1121 rubris
1448 1100 1514 1121 non
1538 1089 1623 1120 satis
1647 1089 1835 1127 distinctis,
1896 1097 1929 1121 et
1963 1094 2088 1135 margi—

264 1140 361 1174 nibus
385 1142 554 1172 anteriore
578 1146 611 1171 et
634 1141 797 1172 inferiore
822 1141 940 1183 nigris,
964 1158 1008 1162 —
1052 1141 1241 1181 Longitudo
1265 1142 1340 1180 0,34
1364 1141 1424 1172 lin.

381 1194 407 1224 A
435 1193 539 1236 Cypri
561 1193 705 1234 vulgari,
730 1194 783 1224 cui
806 1193 912 1224 forma
935 1198 1044 1223 testae
1068 1203 1088 1223 a
1117 1192 1224 1223 latere
1248 1193 1340 1224 visae
1371 1203 1436 1224 non
1465 1191 1644 1223 dissimilis
1674 1198 1742 1228 est,
1767 1193 1996 1234 magnitudine
2021 1205 2090 1226 ma-

259 1247 333 1285 jore
357 1251 390 1275 et
413 1243 595 1276 latitudine
618 1245 749 1276 minore
774 1251 807 1275 et
830 1251 922 1286 tergo
947 1244 1085 1275 elatiore
1110 1251 1142 1274 et
1165 1245 1383 1276 extremitate
1407 1244 1535 1284 postica
1558 1244 1751 1285 angustiore
1775 1244 1896 1276 differt.

380 1295 420 1327 In
444 1303 563 1338 stagno
588 1296 727 1336 quodam
751 1307 850 1336 prope
874 1296 1143 1338 Regiomontum.
1704 1304 1706 1306 '

437 1374 474 1405 C.
523 1373 670 1414 Species,
694 1375 728 1406 in
750 1375 864 1416 quibus
888 1379 969 1406 testa
992 1385 1011 1405 a
1033 1374 1132 1406 latere
1151 1379 1321 1415 conspecta
1342 1372 1434 1416 infra
1456 1378 1621 1413 tantopere
1644 1375 1838 1415 emaryz'nata
1861 1380 1924 1413 est,
1947 1381 1981 1407 ue
2004 1385 2088 1406 mar-

264 1428 344 1466 gine
366 1426 533 1467 superiore
557 1436 697 1458 convexo
717 1427 792 1467 plus
814 1428 916 1459 minus
938 1425 1124 1468 reniformz's
1145 1427 1200 1458 sit.

524 1513 554 1535 a.
599 1502 684 1536 Pars
706 1509 804 1536 testae
826 1505 933 1536 antica
956 1504 1053 1536 altior
1075 1514 1166 1545 qnam
1187 1505 1323 1544 postica.

908 1598 972 1625 16.
1008 1597 1155 1632 cypris
1181 1596 1342 1624 Jussnss
1369 1596 1441 1624 mihi.

473 1666 572 1702 Cypris
599 1670 711 1694 ornatus·
737 1669 841 1694 mnne
868 1669 1032 1694 Edwards
1061 1671 1077 1693 l.
1106 1676 1130 1694 o.
1150 1669 1201 1693 111.
1228 1675 1255 1700 p.
1273 1665 1333 1694 398.
1354 1680 1386 1685 -
1431 1665 1597 1693 Monoculus
1617 1669 1730 1692 ornatus
1758 1667 1884 1694 Jurine
1903 1670 1919 1694 Ι.
1939 1676 1961 1693 c.
1982 1677 2007 1700 p.
2028 1667 2087 1694 170.

263 1713 297 1742 pl.
318 1709 360 1737 17·
379 1711 426 1743 fig.
444 1709 459 1736 l
472 1726 502 1732 —
514 1711 539 1737 4.

381 1762 490 1794 Testa
512 1763 600 1794 infra
624 1769 814 1794 transverse
837 1772 1005 1801 convexa,
1040 1772 1059 1792 a
1082 1761 1188 1793 latere
1211 1762 1284 1792 visa
1312 1761 1399 1793 infra
1429 1760 1550 1793 leviter
1584 1762 1808 1803 emarginata,
1845 1765 1944 1802 parte
1973 1763 2087 1794 antica

264 1812 381 1845 altiore
406 1825 444 1845 ac
469 1813 639 1845 obtusiore
668 1825 767 1855 quam
792 1815 936 1853 postica,
969 1814 1119 1855 margine
1143 1814 1314 1852 superiore
1338 1813 1467 1844 modice
1491 1823 1658 1851 convexa,
1682 1813 1829 1844 maxima
1852 1812 2029 1845 altitudine
2053 1815 2087 1845 in

263 1866 371 1896 medio
396 1865 467 1898 fere
492 1867 557 1897 sita
582 1873 613 1897 et
637 1866 765 1897 minore
789 1876 884 1906 quam
909 1866 1081 1897 dimidium
1105 1864 1339 1906 longitudinis.
1395 1863 1560 1895 Valvulae
1583 1863 1742 1895 lateribus
1767 1875 1833 1895 non
1859 1865 1906 1896 ita
1930 1865 2086 1905 tumidae,

263 1917 430 1948 interdum
464 1918 499 1948 in
535 1918 641 1949 medio
676 1917 897 1959 longitudinis
931 1916 1102 1957 paululum
1127 1927 1347 1956 compressae.
1405 1914 1558 1946 Maxima
1583 1922 1688 1946 testae
1713 1916 1859 1946 latitud6
1882 1916 1986 1948 multo
2011 1923 2086 1957 post

263 1969 408 2000 medium
444 1970 509 2001 sita
544 1977 576 2000 et
610 1969 779 2000 altitudini
815 1968 980 2009 aequaliS,
1016 1980 1092 2009 pars
1127 1969 1238 2000 antica
1272 1967 1377 2000 multo
1413 1968 1586 2008 angustior
1619 1978 1715 2007 quam
1749 1967 1888 2007 postica.
1957 1966 2086 2009 Margi-

264 2031 324 2051 nes
349 2020 459 2060 pilosi.

383 2072 484 2104 Color
508 2073 680 2114 prasinus,
705 2073 798 2104 striis
821 2073 927 2115 magis
952 2071 1203 2114 nigricantibus.
1261 2071 1300 2103 In
1324 2071 1433 2102 medio
1463 2070 1560 2101 dorso
1583 2076 1660 2112 post
1683 2069 1813 2102 oculum
1844 2069 1974 2101 macula
1995 2069 2085 2101 lutea

263 2123 367 2156 limbo
391 2135 409 2154 e
431 2125 531 2156 viridi
556 2125 744 2166 n'gricante
768 2124 876 2155 cincta
899 2125 1084 2163 invenitur,
1108 2123 1194 2155 unde
1218 2124 1336 2159 striae,
1360 2133 1426 2153 una
1450 2123 1483 2153 in
1509 2123 1708 2154 anteriorem
1734 2125 1839 2152 testae
1857 2127 1984 2161 partem
2002 2121 2085 2152 duae

264 2176 298 2205 in
323 2177 554 2215 posteriorem,
580 2176 796 2207 descendunt.
843 2175 1000 2207 Ceterum
1035 2176 1160 2215 pictura
1183 2185 1248 2206 non
1272 2176 1306 2206 in
1332 2174 1483 2207 omnibus
1509 2173 1708 2205 animalibus
1739 2174 1820 2205 satis
1845 2183 2018 2215 expressa.
2048 2188 2083 2195 -

263 2227 455 2269 Longitudo
482 2229 552 2266 135
577 2227 653 2264 lin.;
678 2229 828 2260 maxima
851 2227 991 2259 altitudo
1014 2228 1090 2266 0‚58
1114 2226 1174 2258 lin.
1198 2242 1239 2249 —

384 2278 480 2310 Haec
504 2280 649 2318 species,
674 2291 768 2319 quam
795 2281 828 2310 in
854 2280 946 2310 fossa
971 2280 1109 2319 quadam
1133 2289 1234 2320 prope
1258 2277 1516 2321 Regionmmum
1540 2277 1662 2316 reperi,
1687 2287 1706 2307 a
1728 2276 1886 2308 Jurinii
1908 2274 2082 2308 Monoculo

265 2335 378 2361 ornato
402 2333 492 2362 testa
515 2331 644 2370 quidem
670 2332 703 2362 in
728 2331 934 2373 marginibus
958 2337 1107 2370 tantum,
1141 2341 1207 2362 non
1232 2331 1267 2361 in
1291 2330 1468 2372 superficie
1492 2328 1598 2369 pilosa
1628 2328 1756 2367 differt,
1790 2327 1848 2358 sed
1884 2326 1965 2358 haec
2001 2325 2082 2357 mihi

265 2382 444 2413 diversitas
481 2393 544 2413 non
580 2383 628 2413 ita
661 2384 772 2424 gravis
807 2393 881 2414 esse
910 2383 1052 2415 videtur.
1107 2383 1254 2414 Jurine
1278 2389 1387 2414 autem
1411 2380 1498 2412 hanc
1522 2381 1665 2421 speciem
1689 2390 1762 2411 cum
1787 2377 1955 2409 Miilleri
1979 2377 2083 2421 Cypri

265 2439 378 2465 ornata
402 2435 590 2475 conjunxit,
615 2435 665 2466 cui
691 2435 823 2466 omnino
849 2434 1022 2466 dissimilis
1046 2440 1098 2467 est
1122 2433 1218 2475 (conf.
1245 2443 1334 2475 spec.
1359 2433 1417 2473 7.),
1442 2443 1545 2475 quare
1570 2442 1687 2464 nomen
1717 2430 1910 2462 mutandum
1935 2437 2015 2461 erat.
