2193 2832
965 139 1016 174 19

210 233 307 265 Hanc
330 232 491 274 speciem,
515 229 556 261 ab
579 229 808 261 illustrissimo
833 226 966 260 Grube
988 228 1024 258 in
1048 225 1133 258 silva
1156 227 1294 267 quadam
1328 237 1428 267 prope
1458 224 1573 259 Kranz
1607 232 1786 266 repertam,
1821 226 1897 259 huic

96 285 227 326 egregio
251 288 391 317 naturae
414 283 591 314 scrutatori
615 281 757 312 dicatam
781 288 858 311 esse
880 278 992 312 velim.

260 344 299 377 Β.
344 342 533 377 Abdominis
555 341 716 383 cingulum
738 341 877 372 ultimum
899 339 1158 381 quadrangulare
1180 339 1246 370 sive
1267 338 1450 379 triquetrum
1474 339 1564 379 apice
1586 344 1740 371 truncato.

606 453 638 480 ᾖ.
674 440 1016 479 'Arnnaemncuum
1042 449 1213 483 nugare
1248 450 1372 477 LATR.

263 542 367 568 Milne
383 542 547 568 Edwards
565 543 582 567 l.
603 539 693 566 c.111.
710 546 727 570 p
755 537 814 564 184.

213 592 344 633 Capitis
366 592 505 624 latitudo
529 590 693 630 duplicem
716 588 959 631 longitudinem
988 591 1145 629 superat,
1181 598 1293 629 margo
1329 587 1493 629 posterior
1526 596 1631 627 paene
1665 586 1901 628 emarginatus‚

99 643 212 685 anguli
236 645 437 686 posteriores
461 650 494 674 et
517 642 683 684 margines
705 639 863 672 laterales
891 640 1062 671 rotundati
1097 644 1185 671 sunt.
1240 639 1471 671 Antennarum
1507 637 1668 670 articulus
1701 637 1902 677 penultimus

101 695 217 727 ultimo
240 694 344 726 multo
368 694 511 726 brevior.
557 693 739 724 Processus
761 690 919 723 frontalis
942 691 1069 722 medius
1092 700 1208 730 parum
1231 691 1422 730 prominens
1447 697 1479 721 et
1503 701 1522 721 a
1545 691 1717 731 superiore
1741 695 1832 730 parte
1855 689 1904 719 vi·

99 756 154 777 sus
179 757 282 786 paene
306 747 542 788 emarginatus.
598 744 732 776 Taenia
764 742 920 775 frontalis
943 753 1010 773 non
1033 741 1130 772 valde
1154 752 1334 782 expressa,
1368 741 1409 773 ab
1438 749 1576 782 utroque
1600 741 1705 772 latere
1729 750 1904 782 processus

98 797 200 829 medii
225 799 443 839 emarginata,
478 797 512 827 in
547 796 655 827 medio
689 801 764 837 post
799 794 886 826 hunc
913 803 1048 834 prorsus
1077 803 1293 825 evanescens.
1344 793 1510 825 Thoracis
1534 793 1632 833 primi
1654 791 1769 824 annuli
1792 791 1904 833 anguli

98 850 280 880 anteriores
306 855 401 890 caput
424 859 488 879 non
513 853 687 887 superant,
711 847 824 877 omnia
846 845 981 888 cingula
1003 844 1176 876 thoracica
1198 844 1266 876 late
1289 851 1423 876 arcuata
1446 851 1536 882 sunt,
1563 844 1708 883 corporis
1731 842 1905 874 altitudine

101 900 270 931 dimidium
304 899 374 931 fere
407 898 592 931 latitudinis
626 903 803 939 aequante.
859 897 1039 928 Processus
1072 895 1231 928 laterales
1255 896 1346 937 longi
1371 896 1518 935 quidem,
1554 895 1610 925 sed
1640 905 1754 934 parum
1778 893 1907 931 reflexi,

100 962 211 993 margo
234 950 349 983 annuli
373 952 463 982 tertii
488 946 654 992 posterior
677 950 861 982 subrectus.
921 947 1039 979 Ultimi
1073 948 1200 990 cinguli
1234 947 1396 979 thoracici
1430 958 1543 989 margo
1572 947 1734 986 posterior
1767 945 1906 976 rotunde

102 1004 240 1034 excisus
264 1009 331 1041 est,
353 1005 392 1032 ut
413 1002 448 1032 in
473 1002 545 1032 basi
569 1011 781 1041 processuum
804 998 991 1031 lateralium
1016 1000 1171 1039 utrinque
1195 999 1337 1041 angulus
1362 997 1499 1030 obtusus
1523 1004 1702 1030 retrorsum
1714 997 1910 1037 promineat.

101 1055 273 1086 Abdomen
298 1052 556 1085 suborbiculare.
603 1051 764 1083 Ultimum
791 1054 864 1093 ejus
889 1050 1056 1093 cingulum
1081 1052 1354 1093 subtetragonum
1379 1051 1450 1081 sive
1474 1050 1669 1089 triquetrum
1699 1050 1796 1090 apice
1820 1054 1910 1078 trun·

104 1112 192 1142 cato,
227 1104 404 1135 latitudine
438 1103 678 1145 longitudinem
713 1103 877 1135 interdum
901 1102 954 1133 vel
978 1109 1171 1143 superante,
1206 1103 1356 1144 margine
1381 1102 1550 1133 anteriore
1573 1099 1742 1140 paululum
1765 1105 1911 1136 arcuato,

104 1155 313 1199 marginibus
330 1155 528 1187 lateralibus
551 1155 609 1186 vix
634 1156 795 1194 sinuatis,
828 1155 977 1196 margine
1010 1155 1136 1194 postico
1171 1161 1264 1186 recto
1287 1161 1320 1185 et
1343 1154 1412 1185 fere
1436 1153 1565 1184 tertiam
1595 1158 1721 1193 partem
1744 1151 1835 1182 basis
1859 1160 1913 1182 ae-

104 1215 235 1248 quante.
288 1207 401 1239 Pedes
426 1207 531 1246 spurii
554 1206 663 1237 ultimi
686 1207 774 1246 paris
810 1206 953 1248 spatium
988 1206 1101 1246 quinto
1125 1209 1158 1238 et
1181 1212 1279 1238 sexto
1304 1204 1428 1237 annulo
1452 1205 1664 1244 interjectum
1691 1203 1827 1234 omnino
1855 1211 1914 1233 ex-

105 1260 212 1300 plent,
236 1259 395 1290 articulus
418 1258 545 1290 basalis
569 1270 587 1289 e
612 1259 683 1290 basi
707 1257 776 1288 lata
799 1258 838 1288 ad
863 1259 988 1297 apicem
1012 1258 1137 1289 sensim
1161 1264 1367 1294 coarctatus,
1403 1256 1495 1295 apice
1523 1255 1683 1295 profunde
1711 1254 1839 1292 exciso,
1862 1264 1916 1285 ar-

105 1311 224 1343 ticulus
246 1309 359 1342 finalis
383 1311 531 1342 exterior
553 1308 924 1350 subquinquangularis,
961 1308 1063 1340 multo
1085 1308 1186 1340 latior
1209 1319 1303 1349 quam
1340 1308 1488 1350 longior,
1523 1306 1598 1338 basi
1622 1307 1656 1337 in
1678 1305 1834 1347 angulum
1859 1303 1916 1335 ob-

107 1371 215 1394 tusum
238 1368 419 1400 coarctata,
444 1362 596 1403 margine
619 1362 747 1401 postico
769 1361 842 1392 fere
870 1359 1040 1400 paululum
1070 1361 1220 1397 sinuato,
1255 1359 1388 1391 laterali
1415 1360 1575 1391 interiore
1608 1357 1716 1396 brevi,
1750 1356 1919 1388 exteriore

106 1425 211 1454 paene
239 1418 474 1451 evanescente,
509 1419 544 1442 ut
567 1414 734 1455 margines
758 1412 907 1443 anterior
930 1418 963 1443 et
986 1413 1149 1452 posterior
1172 1412 1298 1452 apicem
1321 1411 1475 1443 obtusum
1501 1414 1721 1449 componant3
1756 1406 1919 1439 articulus

108 1467 249 1498 interior
273 1464 474 1505 styliformis
499 1465 668 1495 exteriore
691 1463 795 1495 multo
818 1463 961 1498 brevior.

230 1515 430 1557 Superficies
453 1514 572 1548 laevis.
619 1515 718 1547 Color
741 1526 759 1545 e
782 1514 935 1555 plumbeo
959 1516 1068 1558 niger,
1092 1525 1270 1557 processus
1289 1514 1472 1551 frontales,
1497 1517 1716 1545 antennarum
1740 1511 1871 1542 articuli
1889 1517 1922 1541 et

110 1569 224 1600 annuli
247 1568 391 1608 corporis
415 1566 747 1609 albido-marginati3
772 1566 916 1597 thoracis
940 1566 1046 1598 latera
1069 1567 1238 1608 (exceptis
1262 1566 1473 1606 processibus
1504 1563 1716 1603 lateralibus)
1747 1563 1841 1594 striis
1863 1561 1922 1592 ob-

111 1620 209 1660 liquis
232 1620 454 1651 albicantibus
481 1622 605 1652 notata.
628 1637 671 1641 —
725 1619 924 1661 Magnitudo
952 1618 1166 1659 plurimorum
1197 1619 1389 1650 animalium
1412 1619 1470 1648 vix
1494 1618 1654 1657 quinque,
1689 1613 1923 1646 nonnullorum

110 1672 162 1704 vel
186 1681 249 1703 sex
272 1671 379 1702 lineas
404 1677 546 1709 superat.

231 1721 270 1753 In
295 1727 411 1753 nostra
435 1722 605 1762 provincia
628 1721 692 1753 hoc
715 1722 837 1753 animal
872 1732 972 1761 prope
997 1721 1167 1753 Gedanum
1200 1727 1365 1761 repertum
1396 1727 1462 1757 est;
1500 1723 1601 1752 totam
1625 1725 1733 1750 autem
1756 1726 1813 1756 per
1838 1715 1924 1746 Ger-

114 1775 258 1805 maniam
291 1772 373 1805 haec
408 1774 536 1813 species
571 1773 722 1813 dispersa
757 1783 831 1805 esse
865 1773 1010 1813 videtur,
1045 1783 1142 1814 quum
1174 1773 1209 1804 in
1240 1772 1375 1812 rupibus
1404 1783 1535 1815 quoque
1564 1772 1723 1804 montium
1746 1767 1926 1802 Rhenano-

116 1836 186 1856 rum
211 1825 351 1857 habitet.

286 1901 325 1933 C.
369 1901 736 1945 Abdominisscinqulum
759 1904 898 1936 ultimum
920 1905 1105 1946 triquetrum
1128 1904 1218 1944 apice
1241 1904 1423 1936 rotundato.

575 2015 611 2041 3.
646 2014 983 2042 Αιᾞιαᾱίιιίιίἰιιηι
1000 2020 1286 2048 conspersum,
1321 2022 1380 2040 nov.
1399 2022 1470 2048 spec.

236 2082 341 2122 Caput
363 2089 414 2114 ter
436 2083 538 2114 latius
563 2094 657 2124 quam
681 2084 825 2126 longius·
861 2084 993 2116 Taenia
1016 2083 1169 2115 frontalis
1195 2083 1292 2114 valde
1317 2093 1477 2122 expressa
1502 2087 1579 2112 ante
1607 2081 1739 2113 oculum
1763 2086 1932 2117 utrumque

119 2133 275 2175 angulum
299 2139 423 2166 rectum
448 2136 628 2175 componit,
653 2135 784 2176 oblique
808 2137 842 2166 in
857 2136 999 2167 medium
1023 2135 1231 2177 progreditur
1255 2141 1287 2165 et
1312 2141 1386 2176 post
1399 2143 1586 2173 processum
1600 2133 1742 2164 medium
1756 2128 1933 2162 frontalem

119 2187 152 2217 in
177 2185 269 2217 sulco
293 2185 430 2226 quodam
456 2187 635 2218 evanescit.
661 2187 839 2218 Processus
865 2188 1014 2225 medius,
1037 2187 1098 2218 hoc
1121 2187 1216 2217 modo
1240 2190 1319 2217 ante
1344 2186 1487 2216 taeniam
1512 2184 1689 2215 frontalem
1714 2184 1807 2217 situs,
1828 2190 1933 2220 paene

121 2236 218 2268 latior
242 2243 293 2268 est
317 2248 412 2277 quam
437 2240 536 2269 tertia
560 2239 681 2278 capitis
706 2249 782 2278 pars
805 2239 1038 2278 paululumque
1064 2239 1197 2269 eminet.
1255 2238 1383 2279 Capitis
1408 2237 1520 2278 anguli
1544 2237 1743 2276 posteriores
1768 2231 1936 2264 rotundati

123 2295 199 2319 sunt
222 2295 253 2319 et
276 2299 389 2330 margo
415 2291 487 2330 ejus
511 2291 658 2329 posticus
684 2290 859 2323 subrectus
883 2297 944 2322 est.
970 2291 1196 2321 Antennarum
1222 2288 1380 2320 articulus
1403 2288 1606 2327 penultimus
1630 2286 1746 2317 ultimo
1763 2285 1935 2315 minor.—

124 2339 290 2371 Thoracis
315 2340 429 2371 annuli
455 2348 649 2372 transverse
672 2341 740 2373 late
765 2344 889 2373 arcuati
914 2349 1005 2381 sunt,
1040 2349 1076 2372 ut
1111 2341 1252 2373 altitudo
1282 2341 1429 2382 corporis
1460 2340 1532 2371 fere
1556 2337 1742 2370 latitudinis
1767 2334 1937 2367 dimidium

127 2398 259 2431 aequem
283 2392 431 2423 ultimum
456 2395 528 2434 ejus
554 2392 737 2435 cingulum,
771 2394 806 2424 in
830 2394 936 2426 medio
959 2395 1154 2433 posterioris
1178 2394 1338 2434 marginis
1363 2393 1618 2433 emarginatum,
1653 2390 1687 2420 in
1710 2387 1783 2420 basi
1805 2393 1938 2427 proces-

1629 2451 1677 2483 3.
