2193 2832
991 133 1016 166 7

100 227 212 258 laxius
234 224 324 255 inter
347 232 400 260 se,
425 231 518 263 quam
542 221 575 252 in
601 219 706 251 oculis
730 220 919 259 compositis
943 218 1078 250 solitum
1107 226 1172 257 est,
1203 220 1374 262 conjuncti
1405 226 1492 253 sunt.
1514 237 1558 245 -
1601 221 1712 253 Pedes
1735 221 1906 254 maxillosi

101 276 216 316 palpus
239 285 304 306 non
329 275 493 315 quinque,
517 279 552 304 ut
575 272 611 303 in
636 271 794 302 affinibus
819 270 1036 309 animalibus,
1061 270 1119 301 sed
1145 276 1281 311 quatuor
1304 274 1432 302 tantum
1457 272 1605 303 articulis
1624 274 1823 312 compositus
1847 281 1907 308 est.

219 325 295 357 Duo
318 325 483 357 anteriora
508 324 626 366 pedum
651 324 743 362 paria
765 322 997 364 magnitudine
1020 323 1108 354 inter
1131 332 1167 352 se
1189 321 1260 352 sere
1283 322 1451 362 aequalia,
1486 322 1644 354 articulus
1674 326 1833 365 cujusque
1855 335 1909 355 eo-

101 389 170 411 rum
195 379 328 418 quintus
352 377 436 407 satis
459 373 615 417 magnus,
639 375 781 405 tumidus
806 380 839 404 et
862 374 1073 415 pyriformis,
1108 374 1256 413 margine
1279 372 1439 403 inferiore
1463 373 1584 412 pilos0;
1613 375 1733 417 unguis
1757 382 1909 406 curvatus

99 437 132 462 et
155 430 304 471 margine
328 437 446 459 manus
470 427 628 457 inferiore
653 425 791 456 dimidio
814 424 959 455 brevior.
1016 425 1128 457 Pedes
1157 425 1247 464 paris
1278 424 1365 454 tertii
1390 430 1422 455 et
1446 426 1550 464 quarti
1575 425 1701 457 debiles
1725 432 1758 457 et
1780 431 1909 464 tenues,

99 481 302 523 marginibus
325 478 542 510 inferioribus
566 478 710 516 spinosis
734 475 787 506 vel
810 477 943 508 setosis.
990 476 1153 507 Laminae
1176 476 1466 514 membranaceae,
1490 475 1605 515 quibus
1619 477 1734 515 pedum
1747 478 1907 516 posterio-

98 543 170 564 rum
195 530 328 563 articuli
356 530 453 570 primi
489 534 666 570 augentur,
701 537 841 568 magnae
875 533 968 567 sunt,
1003 528 1182 568 marginem
1220 527 1433 565 posteriorem
1468 537 1574 566 paene
1604 527 1906 560 semiorbicularem

97 582 369 621 crenulatumque
392 579 517 611 habent
540 586 572 610 et
595 579 808 610 extremitate
830 578 989 609 inferiore
1011 578 1102 617 ipsos
1125 577 1201 608 illos
1226 576 1385 608 articulos
1410 584 1575 616 superant.
1634 577 1768 610 Tertius
1798 581 1906 620 cujus·

97 645 158 676 que
181 634 293 666 horum
317 632 436 673 pedum
461 629 618 661 articulus
643 641 662 660 a
685 629 757 660 basi
782 635 922 671 angusta
945 629 983 660 ad
998 630 1143 670 apicem,
1168 630 1221 668 qui
1246 628 1377 668 oblique
1396 630 1624 670 emarginatus
1649 636 1716 668 est,
1739 629 1907 663 dilatatur.

216 684 354 725 Ungues
379 683 521 713 omnium
546 681 662 720 pedum
688 682 859 722 permagni
882 686 969 713 sunt.
992 698 1034 702 —
1079 680 1207 712 Pedum
1232 680 1415 719 spuriorum
1439 681 1640 712 anteriorum
1663 680 1794 713 articuli
1821 681 1905 713 fina—

99 737 150 768 les
173 736 270 776 paulo
295 739 420 765 tantum
445 731 584 763 articulo
607 731 715 765 hasali
739 731 910 774 longiores
924 738 1012 764 sunt.
1037 731 1231 763 Ceterorum
1245 732 1361 770 pedum
1386 732 1573 772 spuriorum
1586 733 1752 773 posterior
1764 733 1906 774 quisque

97 787 346 820 antecedentem
369 783 502 823 paululo
525 790 674 823 superat:
700 784 807 822 quarti
831 783 946 814 annuli
970 783 1071 824 pedes
1096 784 1197 822 spurii
1221 782 1382 814 articulos
1406 782 1526 814 finales
1551 782 1674 814 habent
1702 784 1905 823 inaequales,

95 847 230 880 quornm
255 836 401 868 exterior
425 834 530 866 altero
553 835 680 875 quidem
704 834 852 875 longior,
877 833 1018 865 articulo
1043 841 1151 865 autem
1175 833 1284 865 basali
1308 835 1441 866 brevior
1464 838 1517 864 est
1541 841 1574 864 et
1596 835 1630 865 in
1663 835 1755 874 apice
1779 833 1906 866 duabus

97 890 150 922 vel
174 889 279 921 tribus
304 887 408 926 spinis
431 885 575 917 fortibus
599 887 782 917 instructus
807 891 873 916 est:
897 887 931 915 in
956 885 1062 924 quinti
1085 886 1174 924 paris
1199 886 1336 924 pedibus
1360 884 1517 916 articulus
1546 883 1658 916 finalis
1687 887 1827 917 interior
1856 897 1906 917 ar·

96 940 231 974 ticulum
256 946 288 970 et
306 938 442 970 finalem
466 938 666 969 exteriorem
681 943 711 967 et
726 936 873 967 basalem
886 936 1093 978 longitudine
1117 942 1265 975 superat,
1291 937 1457 978 margines
1477 937 1603 967 dentati
1622 944 1716 976 sunt,
1739 944 1771 967 et
1795 938 1905 976 apices

96 993 201 1033 spinis
215 990 372 1031 praediti:
397 988 506 1020 ultimi
530 989 670 1028 denique
693 987 809 1019 annuli
832 988 950 1027 pedum
973 987 1104 1019 articuli
1129 987 1248 1018 finales
1272 988 1364 1018 inter
1387 998 1423 1019 se
1447 986 1685 1028 subaequales,
1713 987 1906 1026 lanceolati‚

94 1042 235 1075 articulo
257 1040 364 1073 basali
387 1040 573 1081 longiores,
598 1039 801 1081 marginibus
826 1039 970 1070 dentatis
994 1038 1190 1079 ciliatisque.
1216 1056 1257 1061 -
1300 1039 1443 1070 Lamina
1465 1038 1574 1070 ultimi
1597 1038 1712 1070 annuli
1735 1039 1834 1071 dorso
1857 1039 1907 1071 af-

94 1095 166 1126 fixa
189 1092 350 1133 simplex,
373 1089 533 1132 oblonga,
557 1092 649 1130 apice
672 1091 860 1122 rotundato.
906 1089 1062 1130 Corporis
1086 1089 1281 1129 superficies
1306 1092 1440 1121 omnino
1463 1089 1580 1122 laevis.

213 1144 251 1176 In
274 1143 409 1174 feminis
433 1143 532 1181 pedes
567 1148 601 1172 et
623 1144 800 1182 praecipue
837 1140 951 1172 chelae
975 1142 1078 1172 multo
1115 1140 1297 1173 debiliores
1326 1152 1364 1172 ac
1399 1142 1587 1173 teneriores
1617 1147 1710 1180 sunt,
1745 1152 1844 1182 quam
1869 1143 1905 1172 in

95 1195 252 1232 maribus.
296 1194 458 1225 Laminae
481 1204 610 1235 quoque
632 1194 666 1223 in
691 1193 824 1223 feminis
848 1193 888 1223 ad
912 1203 975 1223 ova
998 1193 1171 1224 retinenda
1195 1193 1346 1232 propriae
1370 1199 1403 1223 et
1425 1193 1532 1224 forma
1556 1195 1588 1224 et
1601 1193 1831 1234 magnitudine
1854 1194 1904 1223 in-

95 1251 208 1291 sign'es
231 1252 318 1278 sunt.
363 1244 504 1276 Secundi
528 1244 659 1276 scilicet
683 1250 715 1274 et
739 1245 827 1274 tertii
852 1250 885 1274 et
908 1245 1015 1283 quarti
1038 1245 1128 1283 paris
1152 1243 1297 1274 laminae
1320 1253 1340 1274 a
1363 1242 1436 1276 basi
1449 1250 1590 1286 angusta
1614 1244 1656 1274 ad
1670 1245 1794 1283 apicem
1807 1243 1906 1282 valde

94 1300 290 1335 dilatantur,
313 1297 542 1337 marginesque
564 1296 641 1335 pilis
665 1294 872 1336 simplicibus
896 1296 1091 1332 instructos,
1117 1296 1317 1326 anteriorem
1336 1301 1523 1331 arcuatum,
1549 1295 1769 1336 posteriorem
1782 1301 1906 1326 rectum

94 1349 218 1382 habent
241 1356 273 1380 et
295 1347 506 1390 longitudine
529 1348 638 1387 pedis,
665 1348 715 1378 cui
740 1345 866 1377 affixae
890 1353 983 1385 sunt,
1007 1346 1189 1378 articulum
1213 1347 1354 1387 primum
1378 1345 1451 1386 plus
1470 1344 1571 1386 duplo
1594 1349 1763 1387 superant.
1789 1344 1905 1383 Quinti

93 1402 182 1442 paris
205 1400 348 1432 laminae
371 1398 474 1430 multo
498 1399 642 1430 minores
666 1399 941 1439 angustior-esque
965 1401 1043 1430 sunt
1065 1405 1098 1429 et
1120 1399 1179 1429 vix
1204 1397 1377 1429 articulum
1401 1397 1495 1437 pedis
1518 1397 1657 1436 primum
1687 1404 1841 1437 aequant.

211 1451 400 1494 Longitudo
424 1450 581 1489 maximi,
605 1451 688 1490 quod
712 1451 841 1489 inveni,
876 1449 1032 1481 animalis
1067 1449 1242 1481 abdomine
1275 1455 1427 1489 porrecto
1461 1459 1566 1488 paene
1601 1449 1621 1479 3
1648 1448 1755 1480 lineas
1790 1447 1904 1488 efficit,

93 1511 311 1537 antennarum
334 1501 505 1543 longitudo
530 1502 546 1532 1
571 1502 693 1532 lineam
719 1508 861 1541 superat.
884 1518 926 1524 —
948 1500 987 1532 In
1011 1502 1095 1532 mari
1117 1501 1242 1532 baltico
1266 1511 1366 1541 prope
1390 1500 1575 1531 Gedanum.
1601 1517 1638 1523 —

221 1554 314 1586 Haec
343 1554 490 1594 species,
525 1563 619 1592 quam
653 1555 725 1584 viro
762 1553 990 1585 illustrissimo
1025 1559 1058 1583 et
1097 1552 1339 1583 humanissimo
1369 1550 1536 1584 Rathke
1579 1551 1721 1582 dicatam
1751 1561 1826 1583 esse
1849 1562 1903 1582 ve—

94 1608 171 1647 lim,
194 1607 340 1638 maxime
363 1603 476 1635 affinis
501 1610 552 1634 est
573 1604 784 1644 Amphithoae
806 1606 1021 1646 norwegiene,
1045 1614 1126 1644 quae
1150 1603 1190 1634 ab
1214 1603 1277 1634 hoc
1300 1604 1464 1643 scriptore
1494 1613 1600 1642 nuper
1612 1602 1776 1642 descripta
1800 1609 1850 1634 est
1863 1603 1903 1642 ⁸).

95 1658 253 1690 Plurimis
278 1657 366 1687 enim
391 1655 488 1686 rebus
513 1666 552 1686 ac
574 1657 747 1695 praecipue
772 1656 933 1698 singulari
959 1654 1125 1686 oculorum
1149 1661 1329 1694 structura,
1354 1661 1388 1686 ut
1411 1655 1543 1694 propria
1566 1655 1801 1694 disquisitione
1824 1653 1907 1685 mihi

95 1718 288 1750 persuasum
313 1713 380 1745 est,
403 1706 465 1737 bae
489 1707 571 1737 duae
595 1708 723 1746 species
747 1708 835 1738 inter
858 1718 894 1738 se
918 1707 1119 1738 conveniunt
1143 1717 1205 1737 nec
1228 1707 1294 1738 nisi
1318 1707 1458 1738 forsitan
1482 1706 1599 1746 pedum
1624 1707 1809 1747 spuriorum
1831 1705 1904 1736 lon-

94 1761 243 1804 gitudine
266 1758 424 1789 differunt
449 1769 488 1789 ac
511 1759 611 1789 totius
636 1760 780 1798 corporis
805 1759 1039 1800 magnitudine.
1086 1758 1277 1795 Antennac,
1302 1759 1335 1789 in
1360 1758 1476 1798 quibus
1501 1759 1680 1790 secundum
1704 1757 1905 1797 descriptio-

95 1822 156 1844 nes
178 1813 291 1842 inesse
314 1810 451 1840 duarum
476 1811 661 1848 specierum
685 1811 862 1841 maximum
878 1811 1056 1841 discrimen
1081 1809 1187 1840 videri
1223 1810 1344 1850 possit,
1380 1811 1414 1841 in
1438 1809 1497 1840 illo
1521 1809 1672 1846 animali,
1698 1808 1785 1850 quod
1798 1807 1904 1839 solum

95 1861 308 1905 descriptioni
333 1859 549 1900 Amphithoes
573 1862 779 1903 norwegicae
805 1861 989 1903 subjectum
1014 1867 1099 1899 erat,
1124 1860 1298 1892 mutilatae
1323 1861 1403 1892 mihi
1433 1871 1508 1892 esse
1530 1861 1692 1892 videntur.
1748 1860 1904 1891 Ceterum

96 1914 211 1946 oculos
235 1914 269 1944 in
295 1912 356 1942 bac
377 1912 538 1943 rotundos
563 1922 636 1943 esse
661 1913 739 1943 dicit
763 1912 946 1953 Rathke,
972 1923 1034 1952 qua
1059 1922 1095 1942 re
1129 1911 1213 1942 mibi
1237 1912 1367 1944 dubium
1400 1913 1549 1952 videtur,
1584 1922 1625 1942 an
1659 1911 1800 1943 forsitan
1834 1911 1904 1942 vini

99 1966 214 2005 spiritu
236 1966 270 1996 in
294 1964 433 1995 formam
457 1973 555 2003 supra
578 1964 775 2003 descriptam
800 1965 990 1995 commutati
1014 1973 1089 1995 esse
1113 1964 1253 2003 possint.

434 2049 593 2092 Nov.
641 2061 799 2108 gen.
851 2051 1556 2105 Leptocheirus.

206 2148 297 2179 Inter
319 2146 541 2187 Amphipoda‚
566 2158 648 2186 quae
671 2148 705 2179 in
730 2148 832 2180 maris
856 2147 970 2179 baltici
997 2147 1166 2178 littoribus
1190 2147 1342 2179 habitant
1365 2147 1524 2178 animalia
1547 2153 1677 2186 reperta
1701 2152 1789 2185 sunt,
1812 2155 1906 2185 quae,

98 2211 252 2232 concesso
276 2209 398 2240 genera
423 2198 663 2240 Amphipodum
689 2200 778 2230 notis
802 2210 821 2230 a
843 2198 974 2231 Milne
994 2193 1189 2231 Edwards
1225 2200 1416 2241 constitutis
1445 2198 1663 2230 discernenda
1697 2207 1789 2235 esse,
1823 2196 1905 2228 nulli

97 2252 211 2292 generi
245 2250 353 2282 adhuc
387 2251 549 2290 descripto
585 2251 792 2282 adnumerari
826 2257 982 2290 possunt,
1006 2251 1064 2282 sed
1097 2251 1131 2281 in
1167 2261 1286 2282 novum
1321 2261 1442 2292 genus,
1467 2250 1549 2291 quod
1583 2248 1839 2289 Leptocheirum
1859 2249 1905 2286 ²⁴¹⁸)

203 2361 230 2390 ⁴)
248 2364 382 2396 Bettrfige
401 2371 453 2389 zur
471 2364 566 2388 Fauna
584 2365 759 2396 Nor-wegens
778 2371 803 2395 p.
822 2362 865 2390 83.

188 2406 226 2435 ⁸⁶)
245 2407 448 2438 Leptochelrus
467 2404 589 2438 (λεπτός,
604 2407 692 2441 χείρ),
711 2409 759 2438 qul
779 2410 890 2433 teneras
909 2410 1007 2434 mamis
1025 2407 1117 2433 habet.
