2193 2832
975 115 1030 151 29

99 215 227 242 tantum
247 217 268 240 e
289 211 397 239 testae
418 205 546 244 fornice
567 205 833 246 prominente;s
817 209 910 236 setae
933 213 1044 236 ramos
1066 202 1276 246 longitudine
1298 205 1361 238 vix
1383 207 1565 247 aequantes
1587 208 1772 249 marginem
1797 205 1903 243 testae

97 260 285 292 inferiorem
311 268 375 290 non
399 257 578 299 attingunt.

211 310 250 342 In
273 311 399 342 femina
421 318 506 339 unus
530 315 704 348 processus
727 306 763 338 in
787 284 974 337 abdominis
997 308 1092 349 tergo
1114 307 1296 345 invenitur,
1320 317 1383 338 ova
1405 309 1509 340 multa
1523 315 1555 340 et
1567 319 1668 348 parva
1680 312 1900 350 reperiuntur,

98 363 240 395 Articuli
269 359 442 403 penultimi
473 365 566 390 setae
592 357 710 394 breves
735 368 753 388 e
777 363 864 389 testa
892 357 1088 400 plerumque
1110 359 1316 398 prominent,
1346 359 1505 391 articulus
1527 359 1664 393 ultimus
1688 362 1724 393 in
1746 361 1902 395 laminam

97 423 250 455 magnam
279 418 311 443 et
340 410 589 442 securiformem
619 409 776 441 dilatatus
806 414 840 439 et
867 409 1024 450 margine.
1043 410 1226 448 posteriore
1254 410 1446 442 acutissime
1470 412 1622 451 dentato,
1646 412 1806 446 inferiore
1830 421 1903 455 post

94 474 222 507 ungues
243 463 404 503 profunde
427 462 635 502 emarginato
658 461 839 492 instructus
863 465 925 493 est.
969 460 1158 502 Longitudo
1181 460 1292 493 lineae
1316 462 1485 493 dimidium
1508 462 1606 501 paulo
1630 471 1774 504 superat.

207 513 342 546 Animal
364 523 464 554 prope
489 512 660 544 Gedanum
685 517 718 543 et
741 522 841 552 prope
863 511 1122 554 Regiomontum
1145 522 1260 545 mense
1284 513 1434 556 Augusto
1457 515 1576 553 reperi.

323 658 362 691 Β.
407 658 554 699 Species,
581 658 615 689 in
643 658 756 699 quibus
774 668 852 699 pars
874 657 1145 698 cephalothoracis
1167 657 1306 700 inferior
1328 663 1357 691 et
1379 665 1519 701 angusta
1541 661 1660 702 exigua
1682 666 1727 693 est
1749 671 1805 694 nec
1828 673 1900 695 con-

407 711 490 750 spice·
509 714 622 750 potest.

662 812 698 839 3.
729 811 917 845 Lynceus
936 811 1182 845 sphaericus
1200 808 1329 838 Mi'JLL.

263 892 391 922 muner,
409 891 621 916 Entomostracu
638 898 665 922 p.
683 888 726 915 71.
746 889 817 915 Tab.
835 888 887 915 IX.
906 890 952 922 fig.
971 886 1047 916 7—9.
1067 902 1101 908 —·
1118 891 1223 916 Milne
1242 891 1413 922 Edwards,
1432 892 1449 915 1.
1469 897 1491 916 c.
1513 891 1562 916 111.
1581 889 1673 923 11386.

205 941 475 981 Cephalothorax
497 941 618 980 brevis,
642 941 794 972 deorsum
817 939 939 980 flexus,
962 947 1074 972 rostro
1097 944 1195 972 acuto
1218 941 1366 982 satisque
1390 932 1489 983 longo
1513 941 1709 974 instructus.
1754 941 1902 976 Incisura

92 999 195 1026 testae
218 1000 371 1035 angusta,
396 993 528 1034 oblique
551 993 752 1030 ascendens3
777 1002 853 1034 pars
876 992 1015 1023 inferior
1038 991 1325 1032 cephalothoracis
1349 1003 1451 1031 parva
1475 998 1507 1023 et
1531 995 1641 1024 testae
1664 993 1793 1025 fornice
1817 994 1902 1026 dila-

89 1050 158 1076 tato
182 1043 325 1083 obtecta,
348 1046 403 1077 hic
427 1046 574 1086 margine
597 1051 732 1076 arcuato
755 1044 797 1075 ad
819 1044 919 1075 rostri
941 1042 1038 1074 basin
1064 1047 1248 1086 porrectus.
1285 1043 1411 1075 Oculus
1426 1054 1622 1085 permagnus
1636 1055 1737 1084 prope
1751 1044 1903 1085 cephalo-

89 1094 232 1126 thoracis
255 1097 438 1137 marginem
461 1098 661 1128 anteriorem
685 1097 768 1127 situs
793 1101 855 1135 est,
881 1093 1010 1126 macula
1033 1095 1130 1136 nigra
1153 1094 1249 1126 oculo
1273 1096 1382 1126 minor
1405 1096 1535 1135 quidem
1559 1096 1617 1126 sed
1641 1097 1724 1127 satis
1740 1107 1902 1138 expressa

88 1148 123 1178 in
146 1148 249 1179 rostri
272 1146 346 1178 basi
370 1148 449 1184 sita3
473 1154 637 1179 antennae
661 1148 807 1178 minores
832 1150 938 1178 rostro
964 1145 1131 1178 breviores
1155 1153 1188 1178 et
1211 1148 1460 1188 ei,proximae;
1485 1153 1650 1178 antennae
1674 1148 1817 1189 majores
1830 1147 1904 1180 bre-

88 1208 157 1232 ves.
180 1216 223 1221 —
245 1197 408 1230 Valvulae
432 1198 667 1238 subrotundae‚
690 1198 837 1240 margine
861 1198 1043 1238 posteriore
1067 1197 1199 1238 spinula
1211 1199 1440 1238 obtusissima,
1463 1199 1630 1230 interdum
1644 1199 1703 1231 vix
1717 1199 1903 1239 prominula

87 1251 267 1288 instructo3
292 1256 398 1281 testae
422 1250 616 1290 superficies
640 1250 765 1290 laevis,
791 1248 881 1280 color
903 1249 1028 1280 fuscus.

201 1300 292 1333 Nulli
315 1311 490 1343 processus
515 1302 548 1332 in
573 1304 665 1342 tergo
690 1300 894 1336 abdominis3
919 1310 980 1330 ova
1003 1299 1077 1339 dun,
1103 1301 1257 1334 animalis
1269 1301 1430 1341 parvitate
1444 1307 1604 1341 respecta,
1618 1310 1801 1344 permagna
1814 1308 1902 1334 sunt.

85 1351 255 1384 Attiou—lus
285 1351 471 1384 abdominis
500 1351 637 1383 ultimus
661 1352 874 1391 subconicus,
903 1351 988 1382 facie
1011 1353 1194 1391 posteriore
1217 1354 1368 1394 sinuata,
1398 1354 1439 1385 ad
1463 1354 1590 1393 apicem
1614 1353 1740 1386 sensim
1764 1353 1899 1385 descen-

86 1404 184 1436 dente
206 1414 312 1444 neque
334 1403 489 1445 angulum
515 1410 591 1444 post
614 1414 743 1446 ungues
766 1398 887 1440 finales
910 1402 1084 1436 formante.

200 1454 239 1486 In
262 1455 365 1487 fossis
388 1454 593 1496 lacubusque
616 1454 745 1495 ubique.

667 1568 700 1595 4.
736 1566 924 1601 Lynceus
942 1568 1162 1596 truncatus
1189 1564 1317 1596 Ml'j‘LL.

257 1646 390 1677 muller,
409 1646 518 1671 Entom.
536 1653 562 1677 1».
581 1644 623 1671 75.
642 1647 699 1671 tab.
717 1647 768 1671 XI.
787 1647 834 1679 fig.
843 1643 922 1672 4-6.

200 1695 471 1735 Cephalothorax
498 1696 610 1728 brevis
639 1702 672 1727 et
701 1696 833 1737 oblique
863 1697 1083 1736 descendens,
1112 1703 1220 1728 rostro
1249 1697 1349 1738 longo
1377 1702 1411 1728 et
1439 1702 1535 1729 acuto
1565 1703 1598 1728 et
1619 1695 1741 1728 leniter
1765 1702 1899 1730 curvato

84 1747 277 1778 instructus.
322 1746 475 1779 Incisura
499 1747 634 1789 obliqua
658 1755 691 1778 et
715 1759 829 1790 parva.
876 1748 1168 1788 Cephalothoracis
1191 1759 1267 1788 pars
1291 1749 1430 1780 inferior
1453 1755 1559 1779 testae
1582 1748 1712 1780 fornice
1736 1747 1775 1778 ad
1799 1748 1899 1778 rostri

84 1797 181 1828 basin
205 1808 306 1837 usque
328 1805 480 1838 porrecto
505 1799 639 1830 omnino
663 1805 763 1831 tecta.
810 1800 939 1832 Oculus
963 1811 1103 1842 magnus
1129 1810 1231 1842 prope
1244 1801 1426 1842 marginem
1440 1801 1586 1831 anticum
1602 1799 1898 1840 cephalothoracis,

84 1847 214 1879 macula
243 1849 337 1890 nigra
360 1856 392 1880 et
417 1849 756 1891 subquadrangularis
781 1852 814 1882 in
838 1850 912 1882 basi
936 1853 1035 1883 rostri
1060 1853 1135 1884 sita.
1181 1869 1224 1874 —
1268 1850 1484 1883 Valvularum
1508 1851 1615 1882 forma
1638 1849 1763 1889 ovalis,
1786 1860 1900 1891 margo

84 1901 237 1941 superior
260 1901 427 1932 anteriore
449 1908 541 1940 parte
565 1901 634 1932 alte
658 1898 841 1942 convexus,
864 1903 1044 1943 posteriore
1067 1910 1160 1942 parte
1184 1902 1319 1945 oblique
1343 1902 1550 1934 descendens
1573 1901 1770 1942 paulumque
1794 1912 1899 1932 emar-

83 1951 233 1992 ginatus,
266 1962 379 1992 margo
409 1953 571 1991 posterior
600 1958 772 1984 truncatus
803 1960 836 1985 et
865 1953 1018 1985 dentibus
1042 1953 1184 1985 fortibus
1209 1964 1402 1994 sursumque
1427 1954 1574 1986 curvatis
1597 1959 1762 1991 armatus,
1786 1962 1898 1994 margo

84 2003 243 2041 anterior,
268 2003 323 2042 qui
348 2003 388 2033 ad
412 2004 590 2035 incisuram
615 2005 781 2042 ascendit,
806 2005 1002 2037 rotundatus
1027 2016 1088 2036 nec
1110 2005 1265 2037 dentibus
1290 2005 1399 2037 solum
1424 2004 1591 2037 similibus
1615 2005 1672 2036 sed
1696 2004 1774 2044 pilis
1799 2005 1897 2035 etiam

83 2052 195 2095 longis
218 2054 413 2094 instructus,
438 2065 550 2096 margo
575 2056 717 2096 denique
740 2057 878 2088 inferior
900 2063 1056 2089 arcuatus
1081 2062 1114 2087 et
1139 2055 1227 2088 ciliis
1251 2057 1365 2088 densis
1377 2057 1589 2097 pinnatisque
1603 2055 1744 2087 obsitus.
1775 2055 1898 2086 Testae

84 2103 281 2143 superficies
305 2106 340 2136 in
364 2106 472 2137 medio
497 2106 620 2146 laevis,
645 2118 746 2149 prope
770 2109 939 2150 margines
963 2115 1072 2140 autem
1098 2109 1207 2147 striis,
1231 2119 1313 2148 quae
1336 2109 1504 2140 radiorum
1528 2109 1634 2139 instar
1657 2108 1840 2149 dispositae
1864 2112 1897 2137 et

85 2154 184 2195 plicis
208 2155 335 2187 similes
360 2163 447 2196 sunt,
471 2158 629 2199 insignis.

198 2207 372 2240 Antennae
403 2208 546 2240 minores
575 2210 632 2240 vix
661 2209 832 2241 dimidium
861 2211 961 2241 rostri
992 2209 1199 2252 longitudine
1229 2213 1373 2250 aequant
1401 2211 1498 2251 eique
1528 2210 1623 2242 valde
1647 2209 1896 2249 approximatae

86 2263 173 2288 sunt.
216 2258 394 2290 Antennae
427 2262 570 2300 maj0res
605 2271 783 2300 perparvae
812 2262 907 2301 apice
936 2268 1063 2293 tantum
1092 2262 1205 2293 trunci
1234 2273 1251 2292 e
1281 2268 1387 2294 testae
1415 2262 1545 2293 fornice
1576 2261 1780 2301 prominent,
1810 2259 1896 2290 rami

85 2315 192 2339 rostro
215 2309 317 2341 multo
340 2309 528 2350 breviores,
552 2311 613 2352 pili
636 2319 747 2345 autem
771 2312 823 2343 his
846 2312 1015 2353 longiores
1038 2313 1194 2355 angulum
1217 2311 1422 2345 valvularum
1446 2311 1768 2345 antico-inferiorem
1789 2319 1895 2349 paene

86 2359 262 2402 attingunt.
305 2359 400 2394 Nulli
423 2372 598 2402 processus
622 2365 658 2396 in
683 2364 868 2397 abdominis
893 2371 988 2406 tergo
1011 2368 1044 2398 et
1066 2365 1131 2398 duo
1155 2371 1281 2397 tantum
1305 2375 1369 2398 ova
1391 2373 1571 2406 permagna
1593 2363 1819 2404 reperiuntur3
1844 2371 1894 2393 ar-
