2193 2832
1168 145 1193 179 2

271 244 488 273 antennarum
512 240 708 271 inferiorum
732 238 914 277 pertinent3
951 235 1090 268 alterius
1119 235 1209 276 paris
1243 233 1347 275 pedes
1382 233 1530 265 maxima
1560 242 1677 265 manus
1706 239 1798 273 parte
1826 233 1886 265 has
1910 238 2085 274 superant,

270 297 342 325 tota
373 293 467 325 chela
497 290 674 323 articulum
705 290 958 321 antecedentem
988 288 1059 319 fere
1093 291 1275 328 aequante,
1311 296 1410 316 manu
1435 284 1624 325 subtel-ete,
1659 286 1772 328 digitis
1801 285 1935 326 paululo
1957 289 2086 318 tantum

271 346 383 386 (sexta
407 343 537 376 scilicet
562 341 781 383 longitudinis
806 343 918 380 parte)
941 349 1040 370 manu
1064 336 1296 375 brevioribus3
1320 338 1427 368 ceteri
1453 336 1555 376 pedes
1578 337 1674 375 primi
1699 338 1789 376 paris
1814 337 1955 378 pedibus
1980 348 2087 379 paene

270 398 441 438 aequales,
466 394 669 435 posteriores
694 393 918 424 anterioribus
942 389 1039 430 paulo
1063 390 1241 430 longiores.
1292 388 1388 420 Duae
1418 389 1534 428 spinae
1559 398 1682 429 parvae
1711 389 1746 419 in
1775 392 1914 429 utroque
1941 388 2087 421 thoracis

268 449 373 482 latere
397 449 484 478 sitae
508 453 600 485 sunt,
624 445 730 477 altera
754 446 788 476 in
814 444 962 484 margine
986 441 1099 473 antico
1123 442 1211 472 inter
1234 446 1413 472 antennam
1444 441 1648 479 superiorem
1677 446 1710 470 et
1738 440 1946 479 inferiorem,
1980 439 2088 471 altera

269 504 343 541 post
366 506 544 531 antennam
569 497 777 528 inferiorem.
836 496 969 526 Pinnae
994 491 1142 524 caudatis
1166 492 1289 523 lamina
1314 492 1425 523 media
1450 497 1590 533 angusta
1618 495 1651 522 et
1679 492 1900 532 triangularis
1929 499 1961 523 et
1985 502 2088 534 supra

269 560 461 584 transverse
486 560 652 588 convexa,
677 549 770 589 apice
794 546 912 578 obtuso
937 543 1127 584 duabusque
1151 545 1257 583 spinis
1281 544 1461 582 instructo,
1485 541 1658 583 superficie
1683 544 1817 574 omnino
1842 543 1939 575 laevi.

383 611 573 652 Longitudo
597 607 755 641 animalis
779 617 799 637 a
822 607 923 637 rostri
948 606 1042 644 apice
1071 614 1174 644 usque
1203 604 1244 634 ad
1273 603 1462 635 abdominis
1492 603 1637 643 porrecti
1667 603 1917 635 extremitatem
1948 603 2087 642 pollices

269 664 350 695 duos
376 667 409 694 et
432 663 604 693 dimidium
632 659 777 691 conficit.
826 657 928 690 Color
951 656 1146 687 subalbidus
1172 666 1304 696 corpore
1338 655 1579 695 subpellucido.
1601 672 1645 677 —
1700 653 1776 686 Una
1804 666 1876 686 cum
1906 655 2087 697 Crangone

268 715 373 746 maris
397 714 512 746 baltici
536 715 569 744 in
594 713 706 743 littore
733 709 927 742 Gedanensi
951 708 1102 750 vulgaris
1127 713 1188 741 est.

382 775 479 808 Haec
493 774 620 814 species
635 772 855 804 aPalaemone
866 769 1009 811 Squilla‚
1033 774 1069 799 ut
1093 778 1166 798 eum
1191 765 1493 799 describitMilnc
1512 766 1725 805 Edwards,
1750 764 1970 805 compluribus
1987 764 2087 797 rebus

267 827 400 858 differre
423 827 568 862 videtur,
594 825 771 865 praecipue
796 820 1017 864 longitudinis
1040 820 1188 857 ratione,
1213 830 1299 860 quae
1323 825 1374 850 est
1398 820 1486 850 inter
1509 817 1625 849 chelae
1648 828 1780 849 manum
1805 821 1839 849 et
1857 817 1995 860 digitos,
2019 824 2088 849 tum

266 880 416 919 corporis
441 877 681 921 magnitudine,
716 885 802 916 quae
837 875 873 904 in
909 873 950 904 P.
975 870 1106 911 squilla
1129 870 1237 902 lineas
1261 871 1379 912 viginti
1405 881 1471 901 non
1497 875 1641 908 superat.
1700 868 1794 905 Quae
1824 879 1878 900 res
1910 879 1950 899 eo
1980 869 2088 910 magis

267 930 446 961 discrimen
472 927 663 968 specificum
688 925 844 967 praebere
868 924 1013 962 videtur,
1038 923 1127 964 quod
1140 925 1254 954 cetera
1267 923 1368 954 maris
1382 921 1496 953 baltici
1520 921 1679 953 animalia
1697 921 1827 953 minora
1839 931 1933 961 quam
1948 920 2088 952 aliorum

267 982 404 1013 marium
430 979 559 1012 incolae
584 982 672 1011 sunt.

834 1109 1523 1197 Slollftlopssnl.

869 1249 1142 1292 Genus
1202 1246 1466 1300 Mysis.

382 1375 615 1419 Descriptioni
629 1373 762 1416 generis
787 1372 917 1414 Mysis,
942 1383 961 1403 a
984 1371 1114 1404 Milne
1137 1370 1331 1403 Edwards
1354 1370 1378 1400 l.
1402 1380 1428 1400 c.
1453 1379 1481 1408 p.
1506 1369 1581 1399 452.
1605 1367 1721 1406 datae,
1744 1366 1904 1410 quaedam
1918 1366 1958 1398 de
1970 1366 2090 1398 discri-

266 1431 374 1468 mine,
409 1429 494 1469 quod
525 1430 577 1459 est
604 1428 691 1458 inter
714 1425 857 1456 feminas
882 1428 916 1456 et
939 1434 1067 1463 mares,
1102 1423 1252 1454 addenda
1286 1427 1373 1452 sunt.
1429 1419 1545 1450 Mares
1570 1419 1659 1450 enim
1688 1430 1708 1450 a
1730 1419 1862 1450 feminis
1892 1428 1958 1449 non
1982 1417 2089 1449 solum

265 1482 409 1522 partium
435 1479 630 1523 genitalium
656 1477 908 1509 constructione
932 1482 965 1507 et
978 1474 1117 1517 pedibus
1142 1474 1265 1516 spuriis
1288 1474 1323 1504 in
1348 1482 1471 1514 organa
1483 1470 1647 1513 genitalia
1670 1470 1848 1502 auxiliaria
1865 1470 2089 1506 commutatis,

266 1534 327 1576 sed
360 1533 461 1564 etiarn
486 1538 706 1563 antennarum
731 1531 897 1559 structura
921 1535 954 1560 et
976 1537 1139 1568 processu
1174 1526 1314 1565 quodam
1338 1524 1462 1564 piloso,
1498 1529 1719 1554 antennarum
1745 1521 1949 1561 superiorum
1974 1526 2089 1551 trunco

266 1586 412 1623 inserto,
446 1595 466 1615 a
501 1583 636 1615 feminis
672 1581 810 1612 differre
833 1580 1000 1611 videntur.
1057 1579 1250 1611 Memoratu
1273 1578 1374 1608 etiam
1399 1576 1534 1618 dignum
1559 1585 1634 1606 esse
1658 1575 1804 1614 videtur,
1841 1583 1982 1614 organa,
2006 1581 2089 1611 quae

267 1637 422 1668 dicuntur
445 1636 591 1675 partium
616 1632 812 1675 genitalium
839 1632 1037 1670 auxiliaria,
1062 1632 1095 1662 in
1121 1629 1267 1661 maribus
1291 1629 1426 1659 duarum
1452 1628 1652 1667 specierum,
1676 1636 1758 1666 quae
1781 1636 1800 1655 a
1823 1635 1874 1655 me
1888 1623 2089 1663 perquisitae

266 1693 358 1727 sunt,
382 1694 554 1727 tantopere
577 1688 664 1717 inter
689 1695 724 1716 se
749 1686 921 1715 structura
943 1683 1148 1722 discrepare,
1170 1688 1206 1712 ut
1229 1681 1263 1711 in
1277 1679 1370 1720 Mysi
1394 1678 1566 1719 spinuloso
1589 1688 1633 1710 ex
1656 1678 1774 1720 pedum
1799 1676 1984 1717 spuriorum
2008 1674 2088 1705 duo·

266 1741 328 1771 bus
352 1738 502 1779 paribus,
526 1739 560 1769 in
584 1737 678 1778 Mysi
702 1735 830 1778 vulgari
853 1746 897 1766 ex
920 1745 986 1765 uno
1011 1741 1138 1765 tantum
1161 1733 1233 1772 pari
1257 1738 1420 1763 constent.

857 1843 887 1869 1.
922 1841 1046 1875 Mysis
1071 1839 1316 1875 spinulosus
1338 1841 1361 1865 L
1370 1840 1391 1864 E
1398 1840 1420 1864 Α
1427 1839 1447 1863 C
1455 1840 1488 1863 Η.

418 1918 527 1941 Mllne
546 1915 712 1940 Edwards
732 1915 749 1939 l.
769 1920 792 1938 e.
810 1913 847 1938 11.
866 1912 928 1940 457.

359 1966 502 2000 Thorax
526 1967 560 1997 in
585 1963 788 1997 animalibus
812 1962 935 1994 adultis
959 1964 993 1994 in
1016 1968 1162 1994 rostrum
1186 1962 1394 2000 depressum,
1420 1959 1511 1998 apice
1536 1957 1760 1995 rotundatum,
1785 1956 1951 1987 oculorum
1970 1963 2087 1993 scapos

269 2030 335 2051 non
357 2023 526 2061 tegentem
551 2017 636 2056 exit¹‚
661 2018 695 2047 in
722 2014 920 2046 animalibus
941 2014 1150 2056 juvenilibus
1174 2022 1336 2056 processu
1360 2014 1488 2042 tantum
1513 2011 1640 2041 minore
1669 2008 1787 2040 obtuso
1817 2005 2011 2048 triangulari
2035 2005 2088 2036 in-

269 2077 415 2103 structus
440 2077 501 2101 est.
545 2069 669 2100 Lorica
693 2067 878 2105 thoi-aeica,
903 2067 1053 2108 margine
1077 2066 1259 2107 posteriore
1273 2063 1431 2104 profunde
1455 2063 1676 2103 emarginato,
1699 2061 1734 2094 in
1758 2060 1857 2090 dorso
1880 2059 1942 2090 vix
1966 2057 2006 2088 ad
2030 2066 2088 2087 an-

269 2122 390 2154 nulum'
407 2122 551 2153 thoracis
576 2119 814 2162 penultimum,
848 2120 882 2150 in
912 2118 1075 2150 lateribus
1105 2119 1144 2149 ad
1173 2117 1327 2148 ultimum
1362 2125 1470 2156 usque
1505 2114 1661 2155 pertinet.
1684 2129 1726 2134 —
1770 2111 1904 2142 Pinnae
1938 2106 2087 2140 caudatis

268 2174 396 2205 lamina
419 2173 528 2204 media
552 2172 711 2215 oblonga,
736 2171 775 2202 ad
801 2171 927 2210 apicem
951 2169 1087 2212 paululo
1111 2174 1238 2201 tantum
1262 2173 1445 2206 coarctata,
1468 2164 1672 2207 marginibus
1696 2161 1890 2194 lateralibus
1920 2158 2088 2191 subtiliter

271 2226 418 2257 dentatis
442 2231 475 2256 et
499 2224 703 2266 spinulosis‚
727 2223 877 2264 margine
901 2223 1085 2263 posteriore
1108 2219 1268 2261 profunde
1293 2219 1409 2250 exciso
1434 2224 1466 2249 et
1490 2217 1615 2248 duabus
1639 2216 1744 2255 spinis
1768 2212 1987 2251 dentibusque
2010 2210 2087 2241 sub-

270 2275 457 2315 tilissimis,
492 2276 720 2317 magnitudine
754 2276 885 2306 demum
920 2273 1025 2305 multo
1061 2279 1159 2304 aucta
1180 2272 1215 2302 in
1240 2273 1451 2310 conspectum
1474 2267 1703 2306 venientibus,
1732 2267 1902 2297 instructo.
1956 2262 2086 2294 Pedum

271 2327 455 2366 spuriorum
480 2327 587 2359 ultimi
612 2328 700 2367 paris
725 2328 795 2357 sive
819 2327 940 2366 pinnae
965 2323 1111 2357 caudalis
1134 2323 1285 2355 loborum
1309 2321 1496 2353 lateralium
1525 2319 1687 2351 articulus
1717 2316 1828 2349 finalis
1864 2314 2006 2346 interior
2039 2314 2085 2344 la-

271 2379 364 2410 mina
387 2379 496 2410 media
521 2378 620 2420 paulo
643 2377 775 2419 longior
809 2385 841 2408 et
874 2376 1095 2414 lanceolatus,
1132 2375 1280 2407 exterior
1304 2373 1408 2406 multo
1436 2373 1570 2415 longior
1597 2378 1632 2403 et
1660 2371 1751 2410 apice
1774 2367 1912 2405 obtuso,
1948 2371 2085 2406 uterque

272 2431 483 2462 circumcirca
505 2430 583 2471 pilis
607 2430 717 2472 longis
740 2430 933 2464 instructus.
