2193 2832
962 137 1014 171 33

193 228 287 261 Haec
310 228 437 267 species
466 236 486 257 a
514 224 665 257 Jurinii
689 224 862 257 Monocnlo
883 224 998 256 striato
1020 223 1083 256 hac
1106 234 1172 256 una
1195 230 1322 256 tantum
1345 236 1382 266 re
1405 224 1530 263 differt,
1560 224 1644 265 quod
1668 225 1786 265 striae,
1810 235 1890 266 quas

89 282 197 322 pinxit
224 279 382 318 Jurine,
416 279 451 309 in
480 288 520 309 ea
548 288 614 309 non
638 276 858 317 reperiuntur.
905 275 1000 312 Quod
1024 276 1203 307 discrimen
1228 275 1311 307 mihi
1335 287 1400 309 non
1423 277 1506 309 satis
1529 287 1629 319 grave
1651 277 1783 309 videtur
1805 287 1891 315 esse,

87 340 122 364 ut
145 333 231 365 duae
254 331 382 371 species
406 340 444 361 eo
469 330 709 361 discernantur.
757 327 888 360 Nomen
911 327 1052 359 forsitan
1074 327 1265 360 mutandum
1289 327 1362 362 erit.

717 486 754 513 5.
790 485 935 521 cypris
962 485 1085 521 flava,
1112 495 1171 514 nov.
1189 494 1260 522 spec.

196 563 305 596 Testa
327 561 415 592 infra
437 568 502 592 non
525 560 624 601 plana
648 552 706 591 sed
731 567 921 592 transverse
944 571 1049 600 paene
1071 561 1264 598 rotundam,
1298 570 1318 591 a
1340 559 1446 591 latere
1468 560 1541 591 visa
1564 561 1712 602 margine
1734 560 1895 593 inferiore

88 622 189 652 recto,
213 615 323 645 antico
346 613 534 649 rotundato,
559 612 729 652 superiore
752 618 830 642 ante
853 611 982 644 oculum
1006 612 1133 653 quidem
1157 618 1248 643 recto
1271 609 1327 642 vel
1351 609 1540 650 subretuSO‚
1565 617 1632 642 tum
1657 618 1764 644 autem
1797 612 1894 644 valde

88 675 248 703 convexo,
272 665 400 704 postico
424 663 554 704 oblique
578 662 798 695 descendente
822 669 855 694 et
879 664 973 703 quasi
996 667 1158 702 truncato,
1183 661 1360 694 altitudine
1382 662 1453 693 fere
1476 662 1602 694 duabus
1625 662 1773 702 partibus
1784 662 1895 705 longi-

89 717 212 748 tudinis
236 714 376 755 aequali.
400 732 442 737 —
466 713 632 746 Valvulae
655 713 816 746 lateribus
839 715 1048 746 mediocriter
1072 714 1251 755 convexis;
1273 713 1437 744 anteriore
1460 718 1554 752 parte
1577 714 1780 760 angustiore,
1800 725 1893 754 quam

87 767 270 807 posteriore
294 773 402 808 parte3
426 767 574 797 maxima
597 766 771 797 latitudine
795 772 869 805 post
891 766 1033 797 medium
1058 767 1124 796 sita
1146 771 1179 796 et
1202 764 1377 796 altitudine
1400 762 1505 794 multo
1528 765 1666 800 minore.

195 817 366 859 Margines
390 818 516 848 anticus
541 824 574 849 et
596 818 744 858 posticus
768 816 909 859 singulis
934 816 1014 857 pilis
1037 817 1203 850 instructi.
1248 816 1357 848 Testa
1379 814 1476 853 flava,
1500 814 1736 855 subpellucida,
1760 816 1795 847 in
1813 814 1896 847 late-

90 868 181 899 ribus
205 868 331 900 duabus
354 867 494 899 maculis
517 868 637 900 luridis
661 872 789 900 notata.
814 884 855 890 —-
878 867 1067 910 Longitudo
1090 870 1165 907 0‚65
1188 868 1248 900 lin.

194 920 236 951 ln
260 925 377 961 stagno
401 920 549 959 quodam,
574 920 659 960 quod
682 930 780 960 prope
792 919 1047 961 Regiomontum
1070 920 1105 951 in
1129 919 1215 952 silva
1226 918 1360 953 Wilkie
1383 917 1556 949 nominata
1577 917 1676 951 situm
1690 925 1752 960 est,
1776 919 1894 961 reperi.

638 1098 644 1105 ,
690 1078 728 1106 0.
773 1077 920 1113 cypris
945 1078 1117 1114 incana,
1144 1087 1202 1107 nov.
1222 1087 1295 1113 spec.

197 1151 301 1183 Testa
324 1152 410 1184 infra
433 1162 498 1183 non
522 1151 623 1192 plana
644 1152 702 1183 sed
727 1159 916 1185 transverse
938 1153 1133 1194 rotundata3
1157 1164 1176 1185 a
1199 1153 1304 1185 latere
1327 1153 1417 1185 visa:
1442 1153 1592 1196 margine
1614 1152 1773 1184 inferiore
1792 1158 1898 1191 recto,

90 1204 257 1244 superiore
281 1214 442 1242 convexo,
465 1209 559 1243 parte
583 1204 695 1235 antica
718 1204 752 1234 in
777 1202 899 1235 adultis
923 1203 1127 1238 animalibus
1149 1204 1248 1245 paulo
1271 1211 1411 1244 tantum,
1435 1205 1470 1235 in
1490 1203 1698 1246 juvenilibus
1721 1203 1823 1235 multo
1847 1203 1898 1235 al-

89 1256 186 1294 tiore,
209 1265 304 1295 quam
328 1256 469 1294 postica3
493 1254 669 1286 altitudine
693 1255 842 1287 maxima,
864 1256 900 1287 in
923 1256 1031 1287 medio
1055 1255 1130 1288 fere
1153 1258 1232 1290 sita.
1256 1255 1425 1288 Valvulae
1447 1255 1610 1289 lateribus
1633 1257 1715 1288 satis
1728 1255 1898 1294 convexis,

87 1305 263 1337 latitudine
286 1301 435 1337 maxima
458 1305 626 1338 altitudini
650 1306 721 1338 fere
745 1305 874 1347 aequali
898 1309 931 1339 et
952 1308 987 1338 in
1011 1307 1121 1339 medio
1143 1307 1197 1339 vel
1219 1308 1318 1348 paulo
1342 1313 1419 1350 post
1443 1308 1524 1348 sita,
1548 1309 1762 1340 extremitate
1785 1309 1898 1339 tamen

89 1358 199 1388 antica
223 1358 413 1399 angustiore
437 1368 535 1399 quam
560 1358 700 1399 postica.

196 1407 313 1450 Margo
342 1409 471 1439 anticus
500 1408 577 1448 pilis
606 1409 748 1450 singulis
777 1409 835 1440 sed
867 1410 951 1441 satis
977 1408 1086 1452 longis
1110 1410 1305 1444 instructus,
1348 1409 1457 1443 Testa
1479 1411 1593 1444 colore
1618 1421 1717 1449 cano,
1743 1410 1778 1443 in
1802 1416 1895 1452 tergo

89 1459 219 1491 macula
241 1458 332 1490 lutea
355 1467 479 1492 notata.
502 1479 543 1484 —
566 1460 754 1504 Longitudo
777 1462 854 1502 0‚56
877 1459 937 1492 lin.

194 1510 301 1550 Prope
330 1510 583 1559 Regiomontum
618 1513 653 1544 in
688 1518 806 1555 stagno
839 1522 906 1544 una
940 1523 1012 1545 cum
1042 1512 1079 1545 C.
1109 1512 1195 1546 flava
1229 1520 1262 1545 et
1294 1514 1329 1545 in
1363 1512 1456 1546 fossa
1493 1512 1631 1554 quadam
1661 1523 1762 1556 prope
1791 1513 1897 1545 vicum

89 1560 199 1592 Lauth
223 1562 342 1601 reperi.

719 1684 750 1712 ¹8.
786 1683 932 1719 cypris
950 1685 1101 1712 ornata
1126 1686 1154 1711 Μ
1164 1680 1190 1711 U
1199 1687 1222 1712 L
1233 1687 1265 1712 Ι..

260 1765 408 1796 muner,
426 1766 580 1792 Entornost.
599 1773 624 1798 p.
643 1764 686 1792 51.
705 1767 760 1792 tab.
780 1768 829 1792 111.
848 1768 895 1800 fig.
904 1766 981 1794 4-6.

195 1813 300 1847 Testa
328 1826 348 1847 a
377 1822 468 1857 tergo
491 1817 532 1849 ad
555 1817 748 1849 inferiorem
771 1824 898 1857 partem
922 1817 1017 1849 valde
1040 1816 1180 1850 dilatata
1200 1817 1352 1859 infraque
1375 1826 1510 1858 prorsus
1533 1816 1648 1858 plana;
1678 1827 1698 1849 a
1720 1817 1827 1851 latere
1849 1817 1898 1849 vi-

89 1875 140 1897 sa:
175 1867 323 1908 margine
351 1868 508 1899 inferiore
538 1868 705 1907 subrecto,
740 1869 863 1900 ceteris
896 1868 1103 1910 marginibus
1136 1869 1295 1900 continuo
1320 1872 1353 1901 et
1375 1868 1594 1910 pulcherrime
1618 1870 1780 1909 arcuatis,
1803 1875 1898 1909 parte

89 1917 199 1949 antica
222 1917 328 1949 multo
351 1917 471 1950 altiore
494 1930 588 1960 quam
613 1921 751 1960 postica.
797 1919 965 1951 Valvulae
988 1921 1144 1952 inferiore
1167 1919 1311 1952 laterum
1334 1927 1427 1960 parte
1451 1921 1608 1959 tumidae,
1632 1926 1668 1951 ut
1690 1919 1831 1952 latitudo
1849 1919 1897 1951 al-

91 1968 226 1999 titudini
249 1969 318 1999 sere
343 1970 385 2000 sit
409 1970 567 2010 aequalis,
592 1982 668 2012 pars
691 1972 802 2003 antica
826 1973 955 2011 postica
978 1971 1076 2012 paulo
1100 1975 1226 2003 tantum
1252 1973 1433 2014 angustior.
1457 1991 1497 1996 —
1522 1971 1587 2003 Pili
1612 1972 1682 2004 rari
1705 1975 1740 2004 et
1758 1970 1896 2003 subtiles

88 2020 121 2050 in
148 2020 353 2061 marginibus
378 2023 488 2053 antico
513 2029 544 2053 et
567 2024 693 2062 postico
718 2030 750 2054 et
774 2024 880 2055 infero
905 2023 1123 2063 reperiuntur.

195 2071 332 2102 Pictura
356 2072 617 2114 elegantissima.
664 2074 767 2106 Color
790 2074 920 2106 albidus
944 2074 996 2107 vel
1021 2073 1218 2114 subviridiS‚
1243 2074 1411 2116 margines
1435 2080 1543 2106 autem
1568 2075 1660 2106 striis
1684 2085 1702 2106 e
1724 2073 1824 2107 viridi
1847 2073 1896 2104 ni-

88 2123 293 2163 gricantibus
318 2124 414 2154 cincti
440 2129 517 2155 sunt
542 2132 573 2155 et
597 2126 630 2156 in
654 2131 792 2167 utroque
814 2126 919 2158 latere
942 2127 1024 2157 stria
1047 2125 1194 2166 ejusdem
1219 2124 1342 2157 coloris
1366 2127 1399 2157 in
1424 2125 1517 2167 lyrae
1539 2126 1679 2158 formam
1704 2125 1791 2157 flexa
1805 2135 1896 2165 repe-

90 2173 179 2203 ritur.
206 2191 247 2196 -
270 2173 457 2216 Longitudo
481 2177 555 2215 0,93
577 2175 636 2208 lin.

196 2223 315 2263 Reperi
341 2225 423 2257 banc
447 2228 592 2267 speciem
615 2228 648 2258 in
675 2226 759 2259 silva
771 2227 914 2260 Willkie
937 2238 1039 2269 prope
1052 2227 1316 2270 Regffimontum,
1340 2235 1375 2260 ut
1399 2227 1689 2268 Miillerus„,in
1702 2228 1895 2270 gramineis,

91 2273 150 2357 ub}
176 2284 257 2314 aqua
286 2277 391 2315 primo
419 2288 496 2309 vere
526 2284 657 2320 stagnat
668 2280 697 2311 “.
746 2296 784 2302 —
831 2280 990 2313 Jurinii
1014 2281 1206 2313 Monoculus
1228 2287 1358 2313 ornatus
1383 2280 1423 2312 ab
1449 2280 1509 2313 hac
1533 2281 1643 2322 specie
1666 2279 1765 2323 longe
1788 2279 1899 2311 abest.

92 2326 132 2364 ((Ϊ
152 2349 157 2358 .
181 2337 263 2366 spec.
290 2329 359 2367 16.)

1693 2380 1801 2430 (-

1620 2438 1637 2466 5
1662 2427 1743 2465 sssf*

1656 2472 1659 2478 s
1686 2468 1704 2480 Χ
1753 2469 1755 2471 ’

1662 2648 1663 2651 ’
1687 2644 1738 2676 (ζῇ
1786 2662 1793 2671 ,

1689 2688 1699 2698 Χ
