2193 2832
975 118 1024 153 13

209 207 369 242 Plurimis
397 206 494 240 rebus
522 205 606 238 haec
631 206 762 246 species
790 216 862 237 cum
889 206 1088 239 Porcellione
1113 215 1284 247 consperso
1312 205 1426 238 Koch
1455 217 1638 249 congruere
1667 209 1805 243 videtur.
1855 213 1892 246 P.

96 260 220 293 serialis
247 266 280 290 et
308 259 516 292 crassicornis
543 258 690 299 ejusdem
718 258 843 289 autoris
877 258 989 299 (Fasc.
1011 259 1065 298 34,
1090 258 1130 290 18
1153 260 1188 289 et
1212 257 1265 296 19)
1298 257 1395 299 hujus
1423 260 1545 298 speciei
1567 261 1748 294 varietates
1770 268 1897 296 tantum

96 321 170 343 esse
191 311 355 344 videntur.

683 368 721 394 ὅ.
756 367 964 396 Pervellit)
981 367 1134 402 tristis,
1151 375 1210 394 nov.
1230 376 1301 401 spec.

211 447 316 487 Caput
339 445 437 486 duplo
459 445 579 484 latius,
603 455 698 485 quam
721 445 864 488 longius,
888 445 1108 487 granulatum.
1152 446 1337 477 Processus
1361 444 1522 477 frontales
1544 446 1700 480 laterales
1724 459 1829 488 paene
1853 450 1900 482 la-

73 498 75 501 ’
95 501 196 531 tiores
220 509 315 539 quam
338 498 517 537 longiores,
541 497 633 536 apice
655 506 788 536 prorsus
813 497 1000 535 rotundato,
1023 507 1199 536 processus
1218 497 1343 527 medius
1357 497 1547 537 triquetrus‚
1570 497 1764 531 lateralibus
1782 501 1900 538 minor,

94 551 185 590 apice
209 560 275 581 non
300 549 489 581 rotundato.
535 548 664 587 Corpus
688 547 882 588 ellipticum,
917 554 1108 579 transverse
1132 549 1344 580 mediocriter
1367 555 1547 588 arcuatum,
1572 548 1746 582 altitudine
1769 553 1900 584 tertiam

93 601 163 633 fere
190 600 378 633 latitudinis
408 603 535 639 partem
564 602 742 638 aequante,
772 598 918 631 thoracis
942 599 1057 630 annuli
1081 596 1203 641 singuli
1227 601 1262 630 iu
1286 601 1450 630 anteriore
1471 604 1566 639 parte
1588 602 1764 642 granorum
1789 603 1898 634 tribus

46 688 49 691 ,
91 651 148 683 vel
172 659 311 693 quatuor
334 651 495 690 seriebus,
518 651 552 682 in
576 651 725 692 margine
750 652 931 691 posteriore
955 661 1020 681 una
1043 652 1131 682 serie
1155 651 1321 690 instructi,
1345 650 1527 682 abdominis
1551 651 1668 683 annuli
1691 653 1726 683 in
1750 655 1899 695 margine

93 709 221 735 tantum
254 704 367 745 granis
402 702 511 734 obsiti.
558 700 721 733 Ultimum
751 701 936 733 abdominis
965 702 1129 744 cingulum
1161 703 1252 741 apice
1281 702 1365 733 satis
1395 704 1601 740 acuminato,
1636 713 1735 743 supra
1763 704 1899 738 sulcato.

93 754 215 785 Pedum
240 756 422 794 spuriorum
445 753 554 784 ultimi
576 754 666 792 paris
691 752 854 784 articulus
879 752 1004 784 basalis
1029 760 1094 784 tam
1118 753 1217 792 latus,
1240 759 1276 784 ut
1299 755 1441 793 spatium
1466 755 1584 795 quinto
1608 761 1641 786 et
1659 758 1761 787 sexto
1774 755 1899 788 annulo

92 806 302 846 interjectum
326 816 429 845 paene
453 804 600 844 expleat,
624 803 780 835 articulus
806 803 916 835 finalis
941 805 1088 835 exterior
1112 804 1262 844 obliquus
1286 811 1319 836 et
1342 804 1559 838 lanceolatus.

207 857 328 888 Totius
353 857 498 896 corporis
523 855 714 896 superficies
737 855 898 894 brunnea,
921 854 1081 886 lateribus
1107 855 1245 887 maculis
1269 856 1380 895 parvis
1394 856 1525 888 sordide
1538 855 1794 889 flavescentibus
1807 868 1900 898 spar—

93 909 156 947 sie,
182 918 395 948 processuum
419 907 606 940 lateralium
629 907 778 948 margine
802 908 967 938 exteriore
991 906 1169 938 albicante.
1216 906 1316 939 Oculi
1340 913 1372 938 et
1396 917 1574 948 processus
1596 907 1750 948 frontalis
1773 909 1901 942 medius

92 959 193 1001 nigri,
222 970 398 999 processus
429 966 539 992 autem
561 958 719 991 laterales
743 957 884 989 brunnei
906 959 1055 1000 margine
1078 958 1206 997 albido,
1236 965 1402 990 antennae
1424 957 1499 990 basi
1522 958 1721 998 albicanteS‚
1745 959 1805 992 sub
1830 962 1901 1001 api·

91 1020 160 1042 cem
183 1009 362 1043 brunneae.

204 1060 315 1093 Unum
343 1069 471 1095 tantum
501 1061 723 1103 animal,·4‚5
752 1060 861 1092 lineas
889 1059 1042 1103 longum,
1069 1059 1143 1100 plus
1167 1061 1186 1092 2
1209 1059 1318 1093 lineas
1346 1059 1468 1101 latum,
1497 1072 1599 1104 prope
1623 1061 1797 1100 Gedanum
1821 1061 1898 1097 clar.

90 1112 127 1144 Μ
136 1123 179 1144 e]
188 1123 233 1156 ge
257 1113 405 1146 offendit.

678 1197 719 1224 G·
753 1195 960 1224 Porcellio
979 1197 1141 1230 ovatus,
1159 1205 1219 1223 nov.
1239 1205 1309 1230 spec.

204 1274 309 1314 Caput
333 1274 472 1306 dimidio
495 1273 684 1305 latitudinis
707 1272 855 1316 longius,
888 1272 1115 1313 granulatum‚
1150 1273 1319 1313 scabrum,
1349 1274 1504 1305 deorsum
1527 1274 1667 1308 flexum.
1710 1275 1898 1308 Processus

87 1324 249 1357 frontales
272 1324 429 1357 laterales
453 1325 582 1364 breveS,
607 1325 772 1357 anteriore
795 1325 946 1366 margine
969 1326 1104 1355 omnino
1126 1325 1318 1365 rotundato,
1341 1326 1494 1365 utrinque
1518 1325 1559 1356 ad
1582 1325 1701 1365 capitis
1715 1325 1900 1358 oculorum-

88 1387 150 1416 que
173 1378 355 1418 marginem
377 1376 550 1408 lateralem
573 1386 674 1416 usque
698 1375 846 1413 dilatati3
870 1386 1045 1416 processus
1068 1376 1222 1408 frontalis
1245 1376 1375 1407 medius
1398 1377 1456 1407 vix
1480 1376 1695 1415 prominulus‚
1709 1378 1900 1417 triquetruS‚

88 1427 335 1459 obtusissimus,
381 1426 478 1458 Oculi
507 1426 719 1468 processibus
747 1426 942 1458 lateralibus
972 1434 1127 1468 tanquam
1155 1428 1313 1467 impositi.
1359 1428 1484 1459 Totius
1515 1428 1661 1468 corporis
1689 1428 1799 1459 forma
1827 1428 1896 1460 late

88 1485 203 1517 ovata,
232 1479 398 1509 anteriore
427 1484 519 1517 parte
548 1477 644 1516 paulo
672 1477 771 1509 latior
799 1489 895 1518 quam
923 1480 1116 1518 posteriore.
1161 1479 1201 1510 In
1226 1479 1370 1510 thoracis
1394 1477 1518 1509 annulo
1542 1479 1663 1517 primo,
1693 1479 1838 1510 secundo
1862 1487 1895 1510 et

87 1531 185 1562 tertio
218 1540 428 1570 processuum
464 1528 651 1560 lateralium
675 1528 789 1571 anguli
811 1530 934 1568 postici
958 1529 1120 1569 subrecti,
1149 1537 1399 1570 ceterorumque
1422 1529 1618 1560 annulorum
1642 1539 1816 1569 processus
1840 1541 1897 1570 pa-

86 1591 157 1612 rum
182 1585 270 1612 retro
292 1582 390 1614 versi.
437 1580 615 1621 Cingulum
639 1581 787 1620 quodque
810 1587 901 1620 parte
925 1582 1091 1612 anteriore
1114 1583 1227 1623 granis
1251 1582 1378 1613 obtusis
1403 1581 1438 1612 in
1461 1581 1601 1611 fasciam
1625 1581 1799 1620 dispositis
1822 1591 1894 1612 sca-

87 1632 200 1670 brum,
235 1631 422 1662 abdominis
451 1632 575 1672 cinguli
602 1633 638 1662 in
666 1633 815 1673 margine
843 1642 908 1662 una
937 1643 1112 1674 granorum
1142 1634 1229 1663 serie
1258 1633 1369 1665 obsiti.
1414 1632 1560 1664 Ultimus
1591 1631 1735 1663 annulus
1766 1633 1894 1663 modice

87 1684 308 1721 acuminatuS,
337 1693 434 1722 supra
461 1681 624 1722 sulcatus,
652 1682 772 1722 pedum
804 1682 914 1714 ultimi
943 1684 1033 1722 paris
1064 1685 1248 1723 spuriorum
1276 1683 1437 1716 articulus
1464 1683 1577 1716 finalis
1607 1684 1758 1716 exterior
1782 1694 1800 1714 e
1822 1682 1895 1715 basi

86 1732 155 1765 *ata
177 1733 393 1766 lanceolatus.

202 1783 300 1815 Color
323 1783 648 1826 caeruleo-griseus,
670 1793 746 1824 pars
771 1785 917 1816 anterior
940 1787 1087 1826 cujusvis
1111 1784 1226 1817 annuli
1248 1786 1284 1816 in
1307 1784 1468 1816 lateribus
1491 1784 1774 1823 flavo-maculata,
1797 1795 1894 1824 prae-

85 1842 177 1866 terea
200 1835 325 1876 singuli
349 1835 463 1866 annuli
488 1828 808 1876 albido—marginati.
844 1836 1029 1868 Processus
1053 1836 1215 1868 frontales
1239 1837 1325 1878 nigri
1350 1837 1498 1878 margine
1522 1836 1645 1876 albido,
1669 1837 1727 1878 qui
1750 1837 1786 1867 in
1809 1835 1893 1868 late·

85 1885 202 1918 talium
228 1888 323 1928 apice
347 1888 381 1918 in
405 1886 567 1919 maculam
589 1885 747 1918 dilatatus
771 1893 832 1919 est.
876 1888 1067 1930 Longitudo
1092 1891 1112 1920 6
1134 1888 1212 1927 lin.‚
1240 1887 1382 1918 latitudo
1405 1888 1555 1919 maxima
1579 1889 1630 1926 3‚5
1653 1887 1727 1925 lin„
1752 1886 1893 1919 altitudo

85 1936 271 1969 latitudinis
294 1938 432 1969 dimidio
453 1938 573 1969 minor.
596 1955 639 1961 —
661 1937 771 1970 Unum
795 1938 919 1971 animal
942 1950 1042 1979 prope
1067 1939 1240 1971 Gedanum
1263 1944 1430 1981 repertum
1454 1950 1473 1970 a
1497 1938 1574 1971 clar.
1600 1938 1745 1981 Menge
1769 1939 1892 1980 accepi.

705 2040 735 2066 ¹2.
771 2039 978 2067 Pol-cellia
995 2039 1124 2069 laevis
1138 2019 1269 2067 ¹LATR.

256 2118 444 2148 Lati-elue,
469 2118 537 2143 hist.
556 2119 605 2142 des
624 2117 716 2144 Crust.
736 2121 765 2144 et
782 2117 888 2144 Insect.
917 2122 937 2144 t.
955 2118 982 2144 7.
1001 2126 1027 2150 ι».
1044 2116 1088 2146 46.
1150 2117 1262 2145 ’ΜιΙιιο
1280 2119 1445 2146 Edwards
1474 2120 1491 2144 1.
1510 2125 1532 2143 c.
1552 2117 1601 2143 111.
1619 2124 1646 2149 p.
1664 2115 1723 2144 169.
1794 2119 1889 2145 Koch

85 2162 101 2183 1.
121 2166 143 2185 c.
162 2160 232 2186 fasc.
252 2161 277 2186 6.
296 2160 341 2192 fig.
362 2159 387 2186 1.

201 2209 309 2251 Caput
337 2209 410 2250 plus
439 2210 537 2250 duplo
560 2210 661 2242 latius
686 2221 783 2251 quam
806 2210 947 2254 longius.
993 2212 1172 2244 Processus
1196 2211 1357 2243 frontales
1381 2210 1538 2243 laterales
1561 2211 1642 2243 satis
1666 2210 1793 2251 magni,
1817 2209 1889 2242 basi

85 2259 220 2292 latiores
245 2272 339 2301 quam
363 2263 466 2301 apice,
489 2263 638 2304 margine
661 2263 819 2294 interiore
843 2270 876 2294 et
899 2264 1063 2295 anteriore
1085 2264 1278 2300 rotundat03
1303 2273 1480 2304 processus
1503 2262 1655 2294 frontalis
1678 2262 1805 2292 medius
1828 2271 1889 2292 ex-

84 2311 191 2351 iguae,
214 2312 316 2343 multo
340 2314 512 2355 angustior
535 2324 630 2353 quam
654 2314 774 2346 frontis
798 2315 896 2347 tertia
920 2325 1008 2356 pars,
1032 2314 1373 2355 obtuso-triquetrus,
1396 2315 1614 2346 acuminatus.
1659 2312 1888 2344 Antennarum

85 2362 217 2394 articuli
244 2364 378 2397 secundi
408 2363 503 2396 tuber
534 2363 687 2397 obtusum
715 2370 751 2398 et
777 2367 839 2398 vix
865 2366 1104 2406 prominulum,
1139 2367 1242 2398 ceteri
1270 2367 1378 2398 trunci
1406 2365 1538 2399 articuli
1567 2365 1735 2405 triquetri,
1764 2362 1889 2406 flagelli
