2193 2832
1161 167 1216 202 34

681 255 714 293 β.
758 252 841 294 Pars
862 254 970 287 antica
988 256 1133 305 posticae
1154 256 1306 298 aequalis.

903 354 938 380 S.
974 353 1121 388 cypr-is
1138 354 1301 398 pubem
1327 357 1354 383 Μ
1365 352 1389 383 U
1401 358 1424 383 L
1434 359 1468 383 L.

460 436 610 467 muller,
629 436 784 462 Entomost.
801 444 827 468 p.
845 435 887 462 56.
906 438 961 462 tab.
982 436 1021 464 V.
1040 438 1087 469 fig.
1106 436 1184 463 1-5.

383 485 491 518 Testa
520 497 539 517 a
568 493 660 530 tergo
689 488 729 518 ad
761 487 955 519 inferiorem
980 495 1108 529 partem
1132 487 1228 520 valde
1251 488 1390 520 dilatata
1414 496 1446 520 et
1470 489 1557 521 infra
1579 492 1647 521 tam
1670 490 1786 531 plana,
1815 499 1851 524 ut
1874 504 2010 533 prorsus
2034 497 2092 528 tri-

277 542 393 576 quetra
416 537 477 576 sit3
500 537 642 570 inferior
664 538 858 580 superficies
882 539 1089 581 marginibus
1113 539 1319 572 valvularum
1345 541 1481 573 inflexis
1506 542 1538 572 in
1564 543 1671 573 medio
1695 545 1776 575 satis
1796 555 1956 583 concava3
1981 553 2091 579 tamen

274 597 388 630 margo
411 588 551 622 inferior
573 601 594 623 a
615 590 720 622 latere
743 592 835 622 visus
860 590 1034 624 subrectus
1057 598 1118 631 est,
1142 603 1256 634 margo
1281 595 1432 633 superior
1455 600 1529 633 post
1553 594 1685 626 oculum
1707 596 1804 627 valde
1827 596 1946 635 elatus,
1969 604 2005 629 ut
2016 608 2093 638 pars

274 640 388 671 antica
410 643 519 673 testae
545 642 648 673 multo
672 643 772 674 altior
795 644 855 682 sit,
879 654 975 683 quam
999 645 1138 683 postica.
1184 643 1339 676 Maxima
1361 644 1503 677 latitudo
1527 646 1738 679 altitudinem
1761 655 1909 689 superat3
1933 650 2093 682 extremi·

274 697 361 723 tates
384 691 563 726 latitudine
586 693 783 736 plerumque
807 696 896 726 inter
918 705 954 726 se
978 696 1135 735 aequales
1160 702 1254 735 sunt,
1285 695 1341 728 vel
1365 698 1476 729 antica
1499 699 1597 737 paulo
1621 700 1794 741 angustior
1817 706 1885 740 est,
1908 710 2007 743 quam
2032 711 2094 742 po·-

273 743 370 777 stica.
395 761 437 768 —
461 745 551 777 Tota
574 745 784 804 superficies,
808 747 1005 788 praesertim
1029 748 1177 778 anterior
1200 750 1272 789 ejus
1296 759 1372 788 pars
1397 748 1515 788 pilosa.

379 795 484 828 Color
507 797 634 834 viridis,
659 797 767 829 ovarii
790 799 824 830 in
849 798 1013 830 lateribus
1038 799 1125 830 situs
1149 799 1278 831 macula
1301 800 1355 832 vel
1378 802 1463 832 stria
1487 801 1584 834 fusca
1608 805 1751 836 notatur.
1778 803 1968 846 Longitudo
1993 805 2010 836 1
2034 804 2092 837 lin.

379 846 454 879 Non
477 859 554 880 raro
577 849 613 880 in
636 848 737 881 fossis
760 848 963 891 lacubusque
988 852 1163 893 reperitur.

378 898 429 930 Ab
459 899 521 931 hac
552 901 680 939 specie,
711 911 794 941 quae
824 913 897 934 cum
921 902 1094 934 Miilleri
1119 904 1220 944 Cupri
1239 904 1362 945 pubem
1390 905 1464 935 sine
1494 905 1564 937 ullo
1588 905 1686 937 dubio
1710 906 1877 948 congruit,
1901 907 2093 939 Monocutus

267 950 370 990 puber
392 950 558 984 Jurinii
582 951 617 991 (l.
632 963 660 984 c.
674 951 720 993 pl.
736 953 786 984 18.
800 953 857 996 fig.
872 956 901 987 1.
916 953 960 994 2.)
984 953 1096 998 aliena
1119 962 1226 988 testae
1249 967 1270 988 a
1293 955 1400 988 latere
1423 957 1520 988 visae
1543 957 1650 989 forma
1672 956 1769 989 valde
1792 957 1926 990 differre
1948 958 2090 992 videtur.

848 1073 889 1100 9.
925 1073 1074 1108 cypris
1099 1074 1338 1110 reticulata,
1364 1084 1424 1103 nov.
1443 1085 1515 1111 spec.

377 1144 485 1176 Testa
514 1145 686 1188 elongata,
716 1147 806 1178 infra
834 1153 1025 1179 transverse
1056 1148 1269 1183 subrotunda.
1314 1149 1434 1192 Margo
1462 1150 1604 1183 inferior
1632 1161 1652 1182 a
1680 1150 1786 1182 latere
1808 1151 1902 1183 visus
1924 1152 1960 1182 in
1983 1151 2092 1183 medio

269 1196 328 1227 vix
358 1198 601 1239 emar-ginatus,
631 1209 745 1240 margo
775 1200 926 1239 superior
954 1201 1083 1233 modice
1113 1211 1300 1239 convexus3
1335 1203 1483 1233 maxima
1507 1201 1649 1234 altitudo
1674 1204 1776 1242 supra
1799 1201 1930 1234 oculum
1954 1203 2038 1242 sita,
2061 1207 2095 1234 et

268 1248 376 1279 minor
405 1259 502 1289 quam
532 1249 754 1292 longitudinis
783 1251 970 1292 dimidium,
1004 1264 1081 1293 pars
1111 1260 1218 1285 testae
1248 1255 1359 1286 antica
1382 1255 1479 1294 paulo
1504 1254 1603 1286 altior
1626 1264 1721 1294 quam
1745 1255 1882 1294 postica.
1926 1252 2093 1287 Valvulae

267 1298 429 1332 lateribus
459 1302 674 1334 mediocriter
702 1304 880 1343 convexis,
911 1308 1143 1337 extremitates
1173 1317 1192 1337 a
1221 1313 1314 1348 tergo
1346 1313 1545 1346 conspectae
1577 1307 1666 1338 inter
1689 1316 1726 1339 se
1749 1305 1923 1347 aequales,
1947 1306 2092 1338 maxima

266 1350 409 1384 latitudo
433 1352 613 1386 altitudine
636 1355 697 1386 vix
719 1355 841 1396 minor,
865 1357 1036 1398 margines
1060 1360 1199 1398 excepto
1223 1359 1391 1398 superiore
1414 1358 1526 1399 pilosi.

377 1404 580 1444 Superficies
604 1405 703 1437 lineis
727 1407 913 1440 reticulatis
938 1416 970 1440 et
994 1410 1089 1450 quasi
1111 1409 1291 1454 insculptis
1315 1416 1434 1441 ornata
1457 1417 1525 1449 est,
1549 1409 1663 1442 colore
1687 1408 1852 1448 olivaceo‚
1875 1407 2014 1442 maculis
2039 1410 2090 1440 ni·

267 1456 486 1496 gricantibus.
512 1475 549 1481 -
573 1458 767 1501 Longitudo
790 1460 844 1499 0,4
867 1461 926 1493 lin.

375 1507 414 1539 In
438 1508 533 1541 fossa
556 1511 698 1551 quadam
722 1522 825 1552 prope
849 1512 1103 1555 Regiomontum
1126 1523 1204 1544 vere
1227 1523 1334 1553 pauca
1356 1512 1517 1545 animalia
1539 1514 1657 1553 reperi.

876 1633 938 1659 10.
974 1631 1118 1667 (tyla-is
1137 1631 1316 1660 fasciam
1343 1636 1370 1660 M
1381 1629 1407 1660 ὕ
1416 1636 1439 1660 L
1451 1636 1484 1660 11.

453 1704 479 1727 M
491 1705 526 1728 iil
540 1707 546 1729 1
558 1711 606 1736 er,
626 1706 840 1732 Entomostraca
859 1715 886 1738 p.
905 1706 951 1732 53.
971 1708 1026 1733 tab.
1046 1709 1092 1733 IV.
1112 1709 1158 1741 fig.
1179 1706 1256 1733 1-3.

377 1753 484 1784 Testa
508 1754 606 1786 valde
631 1755 802 1798 elongata,
827 1769 846 1789 a
870 1764 961 1800 tergo
986 1760 1029 1790 ad
1053 1759 1246 1790 inferiorem
1270 1766 1397 1798 partem
1420 1758 1545 1789 sensim
1570 1757 1709 1789 dilatata
1733 1761 1767 1789 et
1791 1756 1881 1788 infra
1905 1755 2087 1796 subplana3

268 1815 288 1835 a
310 1804 415 1836 latere
438 1813 632 1847 conspecta:
668 1810 818 1850 margine
842 1810 1005 1841 inferiore
1028 1811 1062 1841 in
1087 1811 1196 1841 medio
1219 1810 1319 1850 paulo
1344 1821 1511 1849 convexo,
1537 1810 1576 1840 ad
1601 1810 1836 1841 extremitates
1859 1817 1975 1839 versus
1998 1815 2088 1839 recto

268 1855 321 1887 vel
356 1856 642 1900 subemarginat03
677 1862 829 1902 margine
864 1862 1037 1901 superiore
1072 1863 1284 1894 mediocriter
1317 1872 1472 1894 convexo
1506 1869 1539 1892 et
1568 1860 1627 1892 sub
1657 1861 1900 1893 extremitatem
1929 1859 2089 1899 posticam

269 1909 490 1950 emarginatm
525 1911 672 1942 maxima
701 1911 882 1944 altitudine
911 1913 1010 1953 paulo
1039 1921 1114 1954 post
1142 1915 1286 1945 medium
1315 1916 1381 1946 sita
1410 1922 1443 1945 et
1472 1915 1599 1945 minore
1628 1924 1723 1952 quam
1746 1911 1967 1952 longitudinis
1991 1911 2089 1942 tertia

268 1969 362 1999 pars,
386 1964 479 2000 parte
503 1963 614 1994 antica
637 1963 742 1995 multo
767 1964 886 1996 altiore
911 1973 944 1996 et
968 1965 1138 1997 obtusiore
1163 1976 1259 2006 quam
1283 1967 1426 2005 postica.
1460 1983 1503 1989 —-
1536 1963 1702 1997 Valvulae
1727 1975 1746 1995 a
1770 1970 1866 2004 tergo
1888 1963 1983 1994 visae
2005 1960 2088 1992 late-

268 2010 359 2042 ribus
389 2014 604 2045 mediocriter
633 2017 810 2056 convexis,
840 2017 1019 2049 latitudine
1048 2028 1195 2049 maxima
1219 2017 1315 2057 paulo
1338 2025 1413 2059 post
1436 2018 1579 2049 medium
1603 2018 1669 2048 sita
1692 2023 1725 2047 et
1748 2015 1925 2048 altitudine
1949 2014 2088 2053 minore,

269 2065 540 2096 extremitatibus
565 2066 744 2099 latitudine
768 2069 857 2100 inter
880 2080 917 2100 se
939 2070 1010 2101 fere
1033 2069 1238 2111 aequalibus.

378 2114 577 2155 superficies
600 2118 723 2158 laevis,
747 2127 885 2160 excepta
909 2122 1070 2163 marginis
1094 2123 1261 2153 inferioris
1285 2128 1377 2161 parte
1402 2122 1528 2157 antica,
1553 2130 1638 2161 quae
1662 2118 1739 2158 pilis
1763 2119 1878 2158 paucis
1901 2124 1934 2149 et
1957 2115 2086 2148 subtili-

268 2165 329 2199 bus
352 2168 516 2200 instructa
540 2175 600 2201 est.
625 2187 667 2193 —-
689 2171 820 2204 Oculus
841 2183 980 2215 magnus
1006 2181 1038 2205 et
1062 2175 1166 2215 niger.
1216 2174 1298 2205 Post
1321 2172 1451 2204 oculum
1475 2172 1598 2203 fasciae
1623 2171 1722 2210 duae,
1745 2170 1852 2202 altera
1875 2181 1894 2201 e
1916 2168 2014 2200 viridi
2037 2168 2086 2199 ni-

269 2219 419 2259 gricans,
455 2219 562 2252 altera
591 2225 799 2263 aurantiaca,
835 2235 854 2255 a
878 2231 970 2267 tergo
995 2226 1035 2256 ad
1059 2225 1174 2257 lateris
1198 2226 1369 2264 utriusque
1393 2224 1565 2255 dimidium
1589 2223 1811 2261 descendunt,
1831 2223 1933 2263 juxta
1955 2218 2085 2251 oculum

269 2270 420 2302 maculae
444 2271 554 2303 luteae
579 2276 844 2315 conspiciuntur,
868 2283 978 2309 cetera
1001 2288 1078 2316 pars
1103 2284 1209 2309 testae
1233 2275 1346 2308 colore
1371 2287 1388 2307 e
1413 2287 1494 2306 cano
1518 2275 1625 2306 viridi.
1671 2274 1863 2316 Longitudo
1885 2272 1938 2312 0,7
1961 2271 2020 2303 lin.

378 2321 486 2355 Unum
512 2330 639 2357 tantum
664 2328 787 2359 animal
813 2327 912 2369 hujus
934 2330 1057 2368 speciei
1082 2330 1116 2359 in
1140 2328 1254 2360 eadem
1280 2339 1376 2367 aqua,
1401 2339 1462 2367 qua
1487 2327 1525 2360 C.
1550 2325 1745 2358 monacham
1768 2325 1884 2365 reperi.

377 2373 470 2405 Haec
494 2377 624 2416 species
654 2388 673 2408 a
701 2377 844 2410 Jurine
874 2387 907 2410 et
931 2391 950 2411 a
974 2379 1105 2411 Milne
1134 2380 1329 2412 Edwards
1359 2391 1431 2412 cum
1455 2379 1630 2412 Monoculo
1652 2377 1847 2420 unifasciato
1869 2375 1956 2408 Jur.
1980 2373 2081 2414 (conf.

270 2433 356 2463 spec.
383 2425 425 2463 1.)
451 2429 629 2468 conjuncta
653 2435 714 2470 est,
740 2432 792 2462 cui
816 2441 952 2471 prorsus
977 2438 1028 2463 est
1052 2430 1235 2462 dissimilis.
