2193 2832
1141 133 1191 166 10

259 225 302 257 ad
331 225 429 266 hujus
458 225 595 267 generis
624 222 757 265 species
782 221 1033 264 distinguendas
1056 219 1209 253 adhiberi
1233 228 1391 263 possunt,
1426 221 1533 254 adhuc
1557 233 1674 264 parum
1698 222 1777 255 mihi
1801 233 1973 268 respectae
1998 237 2073 261 esse

258 277 413 308 videntur
442 283 475 307 et
503 276 594 316 palpi
625 274 746 315 pedum
775 272 1029 306 maxillosorum
1058 272 1182 311 forma,
1217 278 1250 304 et
1277 273 1387 305 forma
1417 274 1536 314 pedum
1567 276 1652 306 sexti
1676 277 1763 315 paris
1787 279 1973 316 spuriorum
1997 280 2018 312 i.
2043 291 2071 311 e.

258 328 464 360 valvularum
489 325 660 358 branchiis
685 325 909 367 subjectarum
935 324 1068 356 articuli
1092 324 1205 356 finalis
1229 326 1415 357 exterioris.
1462 325 1544 364 Hic,
1568 327 1621 365 qui
1645 327 1776 358 articuli
1801 328 1926 360 basalis
1950 330 2072 372 angulo

257 380 420 411 exteriori
450 380 597 409 insertus
621 382 689 412 est,
724 378 757 408 in
783 376 925 408 Idothea
948 377 1116 408 Entomon
1140 375 1398 413 lamelliformis,
1429 377 1628 417 triquetrus‚
1657 377 1815 410 interiore
1839 379 1941 412 multo
1965 382 2072 413 minor

256 437 288 462 et
312 430 375 461 hoc
399 430 533 460 omnino
558 427 707 460 occultus
732 431 798 466 est,
834 429 868 458 in
900 427 1051 468 plurimis
1076 434 1185 458 autem
1211 427 1288 459 aliis
1313 427 1488 470 speciebus
1512 438 1689 468 processus
1715 439 1896 469 perparvus
1920 438 1953 462 et
1976 432 2071 473 styli-

255 482 374 513 formis
399 484 433 512 et
458 480 536 521 pilis
559 481 709 520 pinnatis
733 478 872 511 obsitus.
895 497 936 502 —
960 478 1100 510 Idothea
1118 479 1295 519 Entomon,
1319 490 1402 520 quae
1420 480 1588 510 interdum
1606 480 1686 510 duos
1706 479 1845 521 pollices
1863 481 2071 524 longitudine

255 539 406 572 superat,
432 531 678 564 Pleuronectae
703 530 794 561 Flesi
819 531 986 571 parasitus
1010 537 1079 569 est,
1102 541 1165 562 nec
1188 541 1262 562 raro
1286 541 1305 562 a
1328 531 1558 571 piscatoribus,
1583 542 1602 562 a
1626 530 1741 571 quibus
1765 531 2071 571 ‚‚Schachtwurm“

256 585 465 622 nominatur,
494 593 560 614 una
589 593 661 614 cum
691 581 744 612 his
774 582 922 621 piscibus
954 584 990 613 in
1019 583 1103 612 mari
1127 581 1195 613 alto
1220 583 1359 623 capitur.
1407 582 1510 614 Color
1533 594 1551 613 e
1574 582 1776 615 flavescente
1799 583 1964 622 albicans,
1989 586 2071 619 sulci

253 642 364 667 autem
399 634 541 678 singulis
577 637 611 667 et
646 634 793 672 corporis
832 639 865 664 et
898 633 1014 672 pedum
1045 635 1227 675 segmentis
1255 634 1421 676 interjecti
1450 645 1490 666 ac
1519 634 1607 665 latus
1638 634 1846 666 abdominale
1876 634 2069 679 plerumque

254 687 389 726 pulvere
414 688 553 727 quodam
578 697 596 716 e
619 685 820 716 flavescente
842 684 942 716 rubro
965 695 1006 716 ac
1028 683 1126 718 firme
1150 685 1352 717 adhaerente
1374 686 1565 718 induuntur.
1595 685 1691 718 Unde
1716 686 1768 718 hic
1792 688 1916 718 oriatur
1933 690 1967 719 et
1985 697 2069 729 quae

254 741 327 780 eJus
351 740 395 770 sit
419 742 550 777 natura,
574 737 710 768 omnino
736 737 860 769 nescio.

817 858 853 884 2.
888 857 1064 885 Idothea
1081 857 1362 892 tricuspiuata
1388 861 1411 884 D
1419 860 1463 885 Es
1471 861 1507 885 M.

423 938 525 963 Mllne
545 937 706 962 Edwards
733 938 750 961 l.
770 944 793 962 c.
812 931 866 962 1113
883 945 910 969 p.
930 934 990 964 129.
1008 949 1042 955 —
1059 936 1175 962 Idothea
1193 936 1340 962 tridentum
1364 939 1454 963 Latr.

363 987 497 1019 Animal
521 989 555 1018 in
580 988 663 1018 mari
687 986 812 1018 baltico
835 987 1153 1027 frequentissimum.
1200 988 1323 1026 Mares,
1349 989 1407 1029 qui
1430 989 1450 1020 9
1473 987 1532 1019 lin.
1556 987 1647 1030 longi
1671 988 1898 1029 reperiuntur,
1924 987 2067 1029 plerum-

250 1049 310 1079 que
332 1038 578 1071 flavo-brunnei
601 1042 691 1078 sunt,
716 1040 851 1080 punctis
876 1039 1109 1071 subtilissimis
1133 1040 1302 1082 nigrisque
1326 1041 1446 1081 sparsi.
1485 1039 1655 1072 Interdum
1674 1042 1814 1079 quatuor
1831 1040 1933 1072 striae
1952 1040 2068 1082 nigrae

247 1092 282 1122 in
306 1091 405 1122 dorso
430 1096 577 1130 exstant,
601 1092 683 1122 stria
707 1091 816 1122 media
837 1092 880 1121 iis
904 1092 1081 1132 interjecta
1105 1097 1137 1123 et
1160 1090 1372 1131 processibus
1396 1090 1590 1121 lateralibus
1609 1090 1843 1122 albicantibus.
1866 1090 1906 1121 In
1919 1091 2066 1130 feminis,

248 1153 335 1184 quae
357 1142 568 1185 longitudine
592 1143 652 1174 vix
676 1143 696 1173 6
720 1141 828 1173 lineas
852 1148 1052 1182 exaequant,
1077 1141 1166 1174 color
1190 1143 1294 1183 magis
1310 1143 1434 1178 variat3
1457 1141 1646 1182 plerumque
1659 1142 1772 1174 fuscae
1785 1142 1838 1174 vel
1852 1143 2066 1185 nigricanteS‚

249 1205 346 1236 saepe
370 1201 480 1227 autem
502 1193 643 1226 maculis
667 1193 754 1225 albis
778 1195 949 1236 nigrisque
972 1195 1066 1226 varie
1088 1194 1244 1225 inductae
1268 1194 1491 1236 reperiuntur.
1972 1187 1976 1192 ’

842 1314 878 1340 3.
913 1313 1090 1341 Idothea
1108 1313 1299 1348 pelagum
1325 1314 1474 1340 LEACH.

420 1393 523 1419 Milne
541 1392 704 1418 Edwards
723 1394 740 1418 l.
761 1400 784 1418 c.
802 1390 855 1418 111.
874 1399 900 1424 p.
919 1389 978 1418 129.
996 1405 1030 1410 --
1049 1391 1164 1417 Oniscus
1182 1390 1300 1417 balticus
1330 1392 1412 1417 Pall-

335 1457 346 1469 »-
363 1442 504 1475 Idothea
526 1443 676 1484 pelagica
699 1443 937 1483 tricuspidatae
960 1442 1057 1474 valde
1081 1442 1204 1474 similis
1229 1449 1261 1473 et
1285 1441 1399 1474 affinis
1424 1445 1488 1473 est.
1535 1441 1627 1473 Inter
1650 1452 1689 1474 ea
1712 1442 1922 1484 discrimina,
1947 1443 2064 1484 quibus

248 1496 334 1527 (luae
358 1490 488 1536 species
512 1495 600 1526 inter
623 1505 660 1526 se
684 1495 852 1532 differunt,
878 1494 964 1526 haud
988 1495 1159 1525 minimum
1183 1496 1217 1525 in
1243 1505 1282 1525 eo
1307 1503 1382 1525 esse
1405 1494 1544 1533 videtur,
1568 1495 1656 1536 quod
1670 1495 1705 1525 in
1719 1493 1744 1527 I.
1757 1494 1907 1536 pelagica
1919 1494 2064 1527 laminae

248 1545 409 1579 laterales
437 1546 557 1584 (lames
586 1547 827 1586 epimeriennes
850 1545 900 1578 M.
925 1545 1042 1586 Edw.)
1071 1547 1225 1586 secundi,
1256 1546 1362 1584 tertii,
1394 1547 1507 1587 quarti
1531 1553 1563 1577 et
1588 1547 1692 1586 quinti
1717 1545 1830 1577 annuli
1855 1553 1920 1577 tam
1944 1557 2064 1586 parvae

248 1605 281 1628 et
304 1604 466 1640 angustae
491 1605 583 1638 sunt,
608 1604 644 1629 ut
668 1609 686 1629 e
710 1598 917 1640 marginibus
942 1597 1066 1639 cinguli
1090 1597 1233 1629 dorsalis
1257 1599 1316 1629 vix
1339 1598 1549 1637 promineant
1573 1601 1607 1628 et
1630 1597 1692 1628 hos
1716 1598 1820 1638 magis
1845 1598 2064 1629 crassitudine

248 1659 347 1691 quam
376 1648 555 1681 latitudine
584 1656 738 1691 augeant.
784 1649 902 1690 Itaque
925 1650 1027 1691 pedes
1051 1650 1195 1692 margini
1219 1650 1365 1689 corporis
1390 1647 1523 1684 laterali
1548 1648 1643 1680 valde
1667 1649 1889 1690 approximati
1914 1656 1992 1680 sunt
2015 1656 2063 1680 to·

246 1704 380 1741 tumque
405 1711 524 1740 corpus
547 1703 722 1743 angustius
747 1712 842 1741 quam
866 1702 900 1732 in
925 1701 951 1734 Ι.
975 1701 1195 1742 tricuspidata
1219 1707 1280 1732 est.
1316 1701 1499 1733 Praeterea
1517 1700 1685 1741 cingulum
1705 1699 1892 1731 abdominis
1910 1699 2063 1732 ultimum

248 1752 386 1793 angulos
415 1751 574 1785 laterales
603 1752 740 1784 obtusos
771 1759 803 1784 et
833 1753 1028 1784 rotundatos
1059 1752 1161 1784 habet
1190 1757 1223 1784 et
1252 1763 1443 1792 processus,
1478 1755 1533 1792 qui
1563 1763 1581 1782 e
1609 1753 1759 1793 margine
1784 1753 1857 1792 ejus
1881 1752 2063 1790 posteriore

248 1810 429 1836 retrorsum
452 1804 628 1843 prominet,
651 1803 764 1836 brevis
789 1810 823 1835 et
845 1804 938 1844 apice
962 1814 1029 1835 non
1055 1811 1165 1843 acuto,
1188 1808 1224 1836 ut
1247 1805 1282 1836 iu
1306 1804 1331 1835 Ι.
1357 1804 1584 1843 tricuspidata,
1608 1804 1664 1834 sed
1679 1802 1794 1834 obtuso
1807 1809 1867 1836 est.
1904 1802 2061 1834 Ceterum

245 1855 327 1887 haec
349 1856 479 1897 species
504 1855 564 1887 illa
586 1856 695 1887 minor
717 1862 768 1887 est
793 1862 825 1887 et
849 1861 962 1887 nostro
986 1856 1020 1886 in
1044 1855 1161 1887 littore
1185 1855 1290 1887 multo
1314 1856 1437 1892 rarior;
1461 1857 1480 1888 5
1502 1854 1634 1887 lin-vix
1660 1860 1835 1894 exaequat,
1861 1853 1972 1885 colore
1994 1855 2061 1896 gri-

246 1915 303 1937 seo
327 1906 378 1938 vel
403 1906 569 1944 olivaceo,
599 1906 738 1939 maculis
762 1908 873 1950 parvis
898 1914 932 1939 et
954 1906 1159 1950 marginibus
1184 1906 1381 1939 lateralibus
1406 1913 1438 1938 et
1463 1906 1674 1938 stria-media
1697 1905 1933 1947 longitudinali
1959 1907 2060 1937 inter-

246 1959 319 1989 dum
343 1957 576 1991 albicantibus.
1619 1958 1630 1962 “

762 2065 1061 2111 Genus
1139 2067 1541 2111 Asellus.

880 2164 1045 2192 Asellus
1069 2164 1255 2198 vulgaris
1282 2166 1305 2190 L
1313 2167 1335 2190 Α
1345 2167 1364 2190 Τ
1371 2166 1403 2191 R.

415 2243 514 2268 Mtlne
533 2243 692 2268 Edwards
710 2245 729 2269 l.
747 2250 770 2269 c.
789 2243 841 2269 111.
860 2251 886 2275 1).
906 2241 966 2269 149.
985 2256 1019 2261 --
1038 2242 1152 2269 Oniscus
1170 2243 1311 2276 aquaticus
1332 2244 1428 2269 Llnn.

357 2292 498 2324 Habitat
521 2293 555 2324 in
580 2293 732 2325 omnibus
756 2294 858 2325 fossis
883 2300 915 2325 et
939 2293 1090 2326 lacubus.
1136 2295 1248 2325 Etiam
1270 2295 1305 2325 in
1330 2305 1368 2325 ea
1392 2295 1493 2325 maris
1518 2301 1625 2335 parte,
1650 2304 1732 2333 quae
1754 2293 1853 2335 vulgo
1876 2292 2056 2334 „Putziger

242 2342 378 2384 Wyck“
401 2345 601 2384 nominatur,
624 2355 776 2387 magnam
802 2345 991 2377 Asellorum
1016 2345 1258 2377 multitudinem
1283 2345 1419 2384 offendi,
1443 2346 1497 2385 qui
1522 2355 1541 2376 a
1565 2346 1683 2377 ceteris
1708 2344 1799 2376 nulla
1812 2354 1846 2375 re
1861 2344 1926 2374 nisi
1946 2342 2056 2375 colore

243 2395 348 2437 magis
372 2396 558 2438 nigricante
583 2400 616 2429 et
639 2397 768 2438 pictura
791 2398 896 2439 magis
921 2407 1081 2438 expressa
1105 2397 1314 2429 differebant.
