2193 2832
1151 144 1207 180 28

381 234 512 276 Lyncei
536 239 673 277 propter
695 238 915 265 antennarum
937 231 1147 266 debilitatem
1171 243 1237 265 non
1262 233 1353 266 saltu
1374 233 1410 265 iu
1433 243 1518 275 aqua
1539 242 1723 275 moventur,
1743 238 1802 269 sed
1816 238 1974 272 continuo
1987 249 2084 272 cursu

270 291 395 319 natant.
439 286 584 320 Plurimi
607 291 759 318 extrema
782 285 913 317 demum
937 290 1067 317 aestate
1091 285 1172 317 oriri
1193 285 1360 320 videntur.

494 434 535 468 A.
578 433 726 474 Species,
760 443 890 476 quarum
914 433 1186 474 cephalothoracis
1209 433 1349 477 inferior
1367 444 1463 476 pars,
1499 444 1579 475 quae
1601 440 1742 476 angusta
1764 441 1793 468 et
1815 438 1873 470 sub
1895 443 2000 472 rostro
2023 441 2085 472 sica

581 492 645 526 est,
674 487 709 519 in
731 491 929 527 conspectum
952 487 1048 518 venit.
1370 485 1373 487 ’

837 600 869 625 1.
904 597 1093 632 mynceus
1110 597 1362 632 trigoneuus
1379 596 1509 628 MULL.

436 680 565 710 muller,
592 679 807 703 Entomostraca
824 685 850 709 p.
871 676 915 703 74.
935 678 991 703 tab.
1010 679 1048 703 X.
1067 676 1092 702 5.
1112 678 1138 704 6.
1164 665 1198 695 —⁵
1224 676 1391 704 Monoculus
1408 678 1528 705 aduncus
1547 680 1681 711 aurine,
1700 681 1766 705 hist.
1786 682 1811 706 d.
1830 681 1948 707 Monocl.
1975 689 2000 713 p.
2021 679 2080 708 152.

263 724 317 748 tab.
338 721 379 749 15.
408 723 455 754 fig.
472 719 550 747 8-9.
1416 740 1419 741 ν

366 771 648 813 Cephalothorax
671 771 781 803 brevis
806 778 839 803 et
863 772 1017 804 deorsum
1040 772 1165 811 flexus3
1195 778 1339 804 rostrum
1365 779 1481 812 tenue,
1506 781 1654 813 acutum,
1678 773 1775 806 valde
1799 775 1949 817 longum3
1973 778 2082 806 testae

264 826 423 864 incisura,
447 835 533 866 quae
558 823 826 866 cephalothoraci
849 830 882 855 et
907 824 1049 856 valvulis
1072 825 1249 866 interjecta
1273 828 1339 864 est,
1362 825 1539 856 latitudine
1564 827 1720 858 mediocri
1745 830 1812 865 est,
1836 827 1985 868 margine
2009 827 2083 868 ejus

265 878 433 919 superiore
457 877 527 907 sive
550 876 677 907 fornice
702 886 816 915 parum
840 877 1065 916 prominente;
1090 876 1376 916 cephalothoracis
1401 888 1478 918 pars
1503 878 1642 910 inferior
1666 885 1699 909 et
1723 885 1866 921 angusta
1890 877 1950 909 sub
1974 885 2081 910 rostro

262 929 474 970 conspicitur.
507 927 634 959 Oculus
658 927 819 959 rotundus
844 938 943 969 supra
967 934 1109 959 rostrum
1134 929 1237 967 situs;
1261 930 1390 961 macula
1414 931 1510 972 nigra
1534 929 1630 962 oculo
1655 930 1753 971 paulo
1778 930 1896 969 minor,
1919 929 1990 961 fere
2003 939 2083 970 qua-

259 979 481 1022 drangularis,
506 980 699 1021 plerumque
722 985 800 1019 post
822 983 966 1011 rostrum
989 980 1022 1010 in
1047 986 1140 1018 parte
1163 980 1323 1011 inferiore
1347 980 1640 1022 cephalothoracis
1665 982 1774 1024 posita
1798 989 1858 1014 est.
1905 981 2082 1013 Antennae

258 1033 406 1064 minores
435 1030 710 1071 uniartieulatae‚
746 1037 856 1062 rostro
886 1030 989 1061 multo
1018 1030 1205 1071 breviores,
1238 1033 1274 1063 in
1304 1033 1399 1072 apice
1428 1038 1460 1063 et
1490 1034 1526 1064 in
1556 1033 1662 1065 latere
1687 1033 1764 1073 pilis
1786 1035 1970 1066 instructae
1994 1039 2081 1065 sunt.

259 1084 437 1116 Antennae
460 1087 605 1125 majores
629 1093 814 1125 perparvae
838 1089 926 1121 sunt,
950 1088 986 1114 ut
1010 1083 1092 1114 setis
1117 1083 1303 1123 desumptis
1328 1093 1370 1115 ne
1394 1091 1539 1116 rostrum
1564 1086 1695 1125 quidem
1708 1085 1915 1128 longitudine
1929 1091 2080 1125 aequent,

258 1146 369 1167 ramus
393 1136 636 1167 triarticulatus
663 1135 767 1166 altero
792 1133 891 1175 paulo
915 1133 1048 1165 brevior
1072 1140 1134 1174 est,
1159 1141 1252 1166 setae
1276 1134 1373 1167 valde
1396 1135 1520 1178 longae
1543 1144 1633 1171 sunt.
2084 1137 2088 1142 '

373 1186 595 1219 Valvularum
619 1188 727 1219 forma
750 1186 874 1224 ovalis;
898 1197 1010 1228 margo
1035 1197 1146 1217 earum
1171 1187 1324 1228 superior
1347 1186 1443 1218 valde
1468 1198 1635 1221 convexus
1654 1189 1739 1219 etin
1757 1189 1940 1228 posteriore
1953 1194 2080 1220 tantum

257 1246 349 1279 parte
377 1239 547 1279 paululum
575 1240 745 1276 sinuatus,
775 1249 889 1280 margo
918 1239 1065 1269 anterior
1093 1244 1248 1270 arcuatus
1278 1245 1311 1271 et
1339 1239 1551 1278 rotundatus,
1582 1240 1723 1271 inferior
1752 1239 1883 1280 oblique
1907 1246 2080 1272 truncatus

256 1295 291 1323 et
319 1292 424 1323 dense
452 1291 602 1331 ciliatus‚
637 1291 726 1324 ciliis
754 1292 921 1330 pinnatis3
957 1291 1122 1330 posterior
1150 1291 1293 1331 denique
1316 1291 1349 1322 in
1374 1289 1497 1323 lineam
1524 1298 1647 1323 rectam
1671 1295 1844 1323 truncatus
1870 1294 1904 1323 et
1928 1293 1962 1322 in
1987 1298 2080 1331 parte

256 1342 373 1374 infima
402 1344 506 1374 tribus
536 1342 694 1375 dentibus
725 1343 836 1384 parvis
864 1344 1061 1374 instructus.
1112 1342 1240 1374 Testae
1260 1340 1466 1389 *superficies
1495 1341 1744 1386 elegantissime
1772 1342 1874 1374 lineis
1898 1343 2080 1385 sexangula

255 1394 423 1437 regularia
447 1394 721 1434 componentibus
745 1400 864 1426 ornata
888 1401 950 1427 est.
1478 1398 1481 1401 “

371 1445 411 1478 In
436 1445 623 1478 abdominis
647 1453 740 1489 tergo
764 1447 931 1478 incisurae
955 1446 1097 1486 quidem,
1122 1444 1204 1477 nulli
1230 1451 1339 1477 autem
1364 1454 1541 1485 processus
1566 1447 1669 1477 erecti
1694 1445 1914 1487 reperiuntur.
1945 1445 2079 1478 Articu-

255 1497 308 1529 lus
332 1497 470 1529 ultimus
495 1498 628 1538 paulum
652 1498 815 1530 dilatatus
840 1504 902 1537 est,
927 1498 1075 1539 margine
1099 1497 1265 1529 anteriore
1289 1496 1454 1536 subrecto,
1478 1498 1666 1536 posteriore
1689 1498 1822 1528 sinuato
1846 1503 1878 1527 et
1902 1502 1975 1528 octo
1998 1497 2077 1528 den-

256 1551 339 1581 tium
361 1549 498 1589 paribus
521 1551 574 1583 vel
599 1551 741 1589 pilorum
765 1549 937 1581 fasciculis
962 1550 1140 1588 instructo,
1163 1549 1325 1580 inferiore
1350 1555 1510 1580 truncato.
1547 1547 1685 1591 Ungues
1710 1560 1728 1579 e
1750 1547 1823 1579 basi
1848 1547 1946 1587 paulo
1959 1547 2078 1580 latiore

257 1603 384 1633 curvati
408 1608 496 1634 sunt.
520 1618 560 1625 —
586 1601 660 1633 Ova
683 1602 748 1634 duo
772 1603 982 1642 reperiuntur
1004 1598 1196 1642 permagna.
1231 1601 1361 1634 Pedum
1384 1599 1531 1633 laminae
1556 1600 1689 1633 ciliatae
1702 1599 1880 1632 latitudine
1893 1597 2076 1642 praestant,

255 1654 445 1697 Longitudo
468 1655 542 1693 0‚25
566 1652 626 1685 lin.

370 1704 504 1737 Animal
528 1716 594 1738 non
618 1716 693 1737 raro
716 1707 890 1746 reperitur.

830 1818 864 1845 ἒ.
900 1817 1088 1852 Lynceus
1106 1819 1344 1848 lamellatus
1368 1816 1495 1846 MULL.

426 1899 560 1929 Muner,
579 1897 792 1923 Entomostraea
811 1905 837 1929 p.
857 1896 899 1923 73.
919 1899 973 1923 tab.
994 1899 1042 1924 IX.
1062 1900 1109 1932 fig.
1129 1897 1207 1924 4-6.

370 1948 639 1988 Cephalothorax
670 1950 753 1980 satis
783 1948 884 1991 longe
913 1950 947 1980 in
978 1951 1125 1981 anterius
1149 1956 1320 1989 porrectus
1345 1956 1377 1981 et
1401 1949 1492 1981 brevi
1517 1955 1644 1980 tantum
1669 1954 1778 1979 rostro
1801 1947 1983 1978 instructus
2007 1952 2072 1979 est:

254 2011 330 2042 pars
364 2002 438 2042 ejus
473 2000 611 2032 inferior
646 2007 679 2031 et
714 2008 856 2043 angusta
891 2000 959 2032 late
994 2002 1168 2041 prominet.
1214 2001 1365 2034 Incisura
1402 2006 1507 2032 testae
1541 1999 1704 2040 profun'da
1733 2005 1765 2029 et
1793 1998 1889 2030 valde
1919 2005 2071 2040 angusta.

252 2052 370 2094 Margo
405 2055 479 2094 eJus
515 2053 665 2091 superior
693 2052 764 2082 sive
794 2052 908 2085 fornix
937 2053 1034 2084 valde
1064 2053 1152 2084 latus
1182 2061 1232 2085 est
1262 2057 1296 2084 et
1323 2054 1357 2084 in
1387 2052 1550 2084 latoribus
1581 2050 1868 2093 cephalothoracis
1899 2051 2071 2090 prominet.

251 2105 345 2136 Inter
372 2104 460 2136 hunc
484 2110 516 2134 et
539 2111 660 2135 testam
685 2115 785 2143 parva
808 2105 986 2146 impressio
1010 2105 1044 2135 in
1069 2109 1162 2146 tergo
1187 2105 1403 2144 conspicitur.
1436 2121 1479 2127 —
1514 2102 1736 2135 valvularum
1761 2102 1883 2141 forma,
1907 2102 1975 2133 nisi
1998 2102 2069 2132 ovis

252 2155 505 2197 subjacentibus
530 2156 731 2187 tumefactae
755 2163 848 2193 sunt,
880 2156 1239 2199 subquadrangularis,
1269 2157 1418 2197 margine
1441 2156 1625 2197 posteriore
1649 2161 1684 2185 et
1706 2154 1867 2184 inferiore
1896 2152 2069 2189 truncatis,

252 2207 384 2248 angulis
409 2208 615 2246 rotundatis,
639 2208 789 2249 margine
814 2208 975 2239 inferiore
1001 2209 1089 2239 ciliis
1113 2207 1268 2239 brevibus
1294 2213 1327 2238 et
1352 2208 1500 2249 pinnatis
1525 2206 1643 2243 obsito,
1669 2206 1836 2236 anteriore
1860 2203 1996 2244 oblique
2019 2213 2069 2234 ro-

252 2259 400 2290 tundato.
448 2258 536 2290 Tota
557 2266 642 2290 testa
667 2270 772 2299 paene
797 2259 963 2301 pellucida
988 2266 1019 2290 et
1042 2260 1075 2291 in
1102 2258 1277 2299 superficie
1300 2259 1438 2298 punctis
1464 2257 1699 2290 subtilissimis
1723 2262 1838 2288 notata
1863 2261 1923 2287 est.

366 2310 497 2343 Oculus
527 2312 688 2342 rotundus
717 2318 750 2343 et
778 2322 974 2353 permagnus
1006 2312 1149 2353 margini
1180 2311 1340 2342 anteriori
1363 2308 1535 2350 proximus
1560 2316 1621 2341 est.
1668 2307 1802 2340 Macula
1826 2307 1920 2347 nigra
1944 2307 2067 2347 exigua

252 2366 285 2392 et
314 2363 348 2392 in
378 2362 538 2394 inferiore
567 2362 853 2402 cephalothoracis
884 2370 977 2403 parte
1005 2374 1106 2402 prope
1136 2362 1234 2394 basin
1259 2365 1482 2394 antennarum
1505 2362 1668 2393 minorum
1694 2361 1759 2391 sita
1782 2362 1842 2390 est.
1889 2358 2066 2389 Antennae

253 2414 399 2446 minores
428 2421 537 2446 rostro
566 2415 733 2457 longiores
762 2415 802 2446 ad
833 2416 938 2448 latera
967 2415 1155 2447 discedunt.
1202 2414 1379 2447 Antenuae
1402 2415 1546 2456 majores
1571 2412 1764 2455 perbreves,
1795 2410 1904 2442 trunci
1928 2408 2066 2441 dimidio
