2193 2832
1160 149 1186 183 6

258 243 390 286 longior
413 244 588 283 reperitur.
635 241 671 272 Si
695 241 797 283 igitur
820 238 879 271 illa
903 239 1088 281 descriptio
1112 242 1265 269 accurata
1289 243 1396 276 esset,
1424 246 1507 268 nova
1526 237 1659 277 generis
1675 235 1843 269 Gammari
1856 237 1982 277 species
2006 239 2077 270 ani-

258 295 402 327 malibus
427 295 481 327 hic
504 294 680 332 descriptis
695 292 964 323 constitueretur.
990 291 1137 323 Ceterun
1152 289 1332 320 notandum
1351 294 1418 325 est,
1444 287 1634 320 animaliaa
1647 288 1861 321 celeberrimo
1880 287 2080 329 Raethke*)

258 349 292 378 in
317 346 485 378 littoribus
510 345 721 385 Norwogicis
760 342 899 374 collecta
923 352 996 374 cum
1020 340 1246 381 nostratibus,
1270 350 1466 380 quamquam
1490 349 1529 370 ea
1552 340 1780 380 magnitudine
1804 343 1977 380 superant,
2004 351 2079 382 par-

259 400 340 430 tium
367 398 481 429 formis
506 397 642 428 omnino
668 394 859 428 convenire,

816 492 852 519 z.
892 492 1142 520 &muman-us
1169 489 1383 518 fluviatilis
1411 490 1522 517 EDW.

503 566 603 590 Mllne
623 564 787 589 Edwards
808 565 824 588 1.
844 570 867 588 c.
888 564 937 588 111.
958 571 984 594 p.
1004 561 1046 588 45.

379 615 577 647 Gammarus
602 613 796 650 fluviatilis,
821 614 879 654 qui
903 614 937 643 in
962 613 1043 644 rivis
1068 611 1272 652 lacubusque
1295 611 1490 652 provinciae
1513 611 1651 642 nostrae
1681 609 1828 652 vulgaris
1863 616 1931 649 est,
1966 611 2083 651 paucis

261 674 388 699 tantum
412 667 511 699 rebus
536 677 554 696 a
579 666 759 697 Gammaro
782 664 934 703 locusta,
959 665 1056 695 modo
1081 664 1265 702 descripte,
1290 662 1410 695 differt.
1461 662 1607 694 Primum
1638 661 1767 693 scilicet
1791 651 2011 694 antennarum
2033 663 2084 699 in-

259 720 419 751 seriorum
444 718 555 750 trunci
581 716 658 758 pilis
683 716 835 747 destituti
860 722 952 752 sunt3
983 724 1051 746 tum
1081 714 1251 757 flagellum
1283 713 1449 744 auxiliare
1478 721 1697 745 antennarum
1723 715 1928 753 superiorum
1952 713 2086 745 brevius

261 779 311 803 est
335 777 369 802 et
392 782 410 802 e
433 769 538 801 tribus
564 775 692 799 tantum
718 766 867 798 articulis
893 774 1039 804 constat3
1064 768 1205 807 denique
1231 765 1319 796 oculi
1343 775 1409 796 non
1435 765 1649 805 reniformes,
1672 772 1707 796 ut
1730 766 1765 796 in
1788 764 1863 803 illo,
1887 765 1946 796 sed
1970 764 2086 796 ovales

261 830 339 854 sunt
363 829 396 854 et
420 823 536 861 spinae
560 819 768 859 abdominis,
793 820 945 859 quamvis
970 820 1084 850 eodem
1110 819 1208 850 modo
1242 828 1280 849 ac
1303 817 1345 848 in'
1362 817 1403 850 G.
1427 816 1557 848 locusta
1579 817 1778 857 dispositae,
1814 823 1847 847 et
1881 817 2023 848 rariores
2053 823 2087 847 et

261 876 407 906 minores
432 872 679 911 dehilioresque
702 871 923 909 reperiuntur,

379 925 557 957 Antennae
593 930 627 954 et
661 922 778 954 chelae
813 922 950 953 duorum
986 923 1113 961 parium
1150 921 1267 961 pedum
1297 919 1500 951 anteriorum
1531 926 1564 950 et
1585 918 1697 950 ultimi
1721 919 1836 950 annuli
1859 919 1959 959 pedes
1983 919 2087 958 spurii

261 976 390 1010 duabus
414 978 448 1008 in
474 974 647 1016 speciebus
672 981 704 1006 et
727 974 836 1005 forma
860 980 893 1004 et
916 973 1125 1013 longitudine
1150 973 1286 1004 omnino
1309 973 1398 1003 inter
1421 981 1457 1002 se
1481 972 1700 1009 conveniunt,
1725 977 1758 1002 et
1781 978 1896 1010 notae,
1931 979 2011 1010 quas
2046 969 2086 1000 ab

262 1029 315 1061 his
338 1028 487 1069 partibus
512 1028 635 1068 petitas
659 1027 693 1057 in
719 1024 999 1064 descriptionibus
1026 1025 1067 1057 G.
1091 1023 1263 1056 fluviatilis
1287 1030 1320 1054 et
1350 1023 1471 1054 marini
1501 1023 1595 1064 ponit
1628 1021 1759 1053 Milne
1783 1022 1975 1054 Edwards
2000 1020 2034 1060 (l.
2059 1032 2076 1052 c

263 1081 325 1113 ΙΙΙ.
351 1092 385 1123 p.
410 1082 463 1113 45.
488 1086 521 1111 et
545 1078 630 1118 46),
654 1079 689 1109 in
714 1076 916 1109 animalibus
940 1088 960 1107 a
982 1087 1035 1107 me
1058 1075 1252 1117 perquisitis
1276 1073 1367 1105 nullo
1391 1075 1487 1106 modo
1511 1074 1741 1105 inveniuntur.

854 1180 891 1206 3.
918 1178 1169 1206 Ganunarus
1195 1175 1368 1210 nugensi}
1396 1177 1503 1203 EDW.

507 1252 612 1277 Milne
631 1250 799 1276 Edwards
817 1251 836 1274 l.
857 1257 880 1276 c.
900 1250 951 1274 111.
970 1257 997 1280 p.
1014 1248 1058 1275 54.

385 1302 496 1345 Hujus
522 1302 663 1342 speciei,
688 1311 772 1340 quae
797 1306 874 1331 ante
898 1310 1015 1331 omnes
1040 1304 1168 1330 ceteras
1193 1303 1226 1328 et
1250 1295 1424 1328 debilitate
1447 1296 1548 1337 primi
1572 1296 1663 1338 paris
1692 1295 1811 1336 pedum
1841 1296 1875 1327 et
1901 1295 2091 1337 permagnis

264 1354 458 1394 crassisque
481 1354 599 1394 pedum
625 1353 761 1384 secundi
787 1352 880 1393 paris
905 1351 1032 1390 chelis,
1069 1360 1203 1390 quarum
1234 1350 1354 1391 unguis
1385 1360 1450 1380 non
1475 1350 1514 1380 ad
1539 1349 1720 1390 marginem
1745 1348 1945 1378 anteriorem
1969 1347 2028 1378 sed
2052 1347 2093 1378 ad

265 1407 385 1439 faciem
409 1406 605 1437 interiorem
633 1405 800 1446 rejicitur,
825 1410 857 1434 et
881 1403 1014 1442 propria
1037 1402 1155 1441 pedum
1181 1401 1268 1432 sexti
1291 1401 1382 1440 paris
1396 1401 1579 1440 spuriorum
1593 1400 1838 1432 constructione
1861 1399 2004 1439 insignis
2028 1401 2092 1438 est,

265 1470 371 1499 pauca
405 1456 565 1490 animalia
599 1457 633 1487 in
669 1457 754 1486 mari
789 1454 913 1486 baltico
949 1464 1048 1494 prope
1082 1453 1254 1484 Gedanum
1283 1453 1402 1492 reperi.
1427 1470 1468 1475 -—
1514 1452 1707 1493 Longitudo
1731 1449 1888 1481 animalis
1908 1449 2049 1489 porrecti
2073 1451 2092 1479 4

266 1511 382 1548 lineis,
407 1515 626 1541 antennarum
652 1508 861 1550 superiorum
889 1509 924 1545 3,
948 1506 983 1543 3,
1007 1505 1201 1539 inferiorum
1225 1505 1266 1542 2,
1291 1502 1407 1535 chelae
1430 1503 1565 1545 maj0ris
1590 1505 1608 1534 Ι
1631 1502 1741 1534 lineae
1764 1500 1911 1542 aequalis
1935 1507 1995 1534 est.

724 1615 1022 1658 Genus
1074 1585 1638 1668 Amphithoe.

481 1711 595 1737 MILNE
615 1708 803 1736 EDWARDS
824 1711 841 1736 1.
861 1717 884 1735 c.
904 1710 953 1735 111.
973 1716 1001 1740 Ρ.
1019 1707 1064 1734 28.

878 1791 1127 1827 Amphithoe
1144 1790 1319 1819 Rathml
1340 1799 1400 1818 nou.
1418 1799 1489 1825 spec.

356 1865 464 1898 Frons
487 1864 635 1896 inermis.
660 1863 835 1895 Antennae
848 1861 1056 1904 longitudine
1074 1862 1144 1893 fere
1167 1863 1255 1893 inter
1277 1870 1314 1892 se
1338 1859 1492 1900 aequales
1506 1859 1562 1891 vel
1588 1859 1764 1891 inferiores
1787 1856 2016 1897 superioribus
2037 1857 2094 1888 vix

272 1919 451 1960 longiores.
512 1915 707 1955 Superiores
743 1915 892 1954 quintum
927 1920 982 1945 aut
1017 1920 1147 1944 sextum
1181 1912 1330 1944 thoracis
1366 1911 1539 1951 annulum,
1562 1912 1741 1952 attingunt.
1803 1908 1945 1941 Ultimus
1981 1918 2094 1941 earum

272 1970 382 2002 trunci
407 1967 567 1999 articulus
592 1967 626 1997 in
651 1966 809 1997 inferiore
834 1973 926 2005 parte
950 1965 1112 2006 marginis
1143 1964 1320 1995 anterioris
1355 1973 1513 2004 processu
1546 1973 1648 2002 parvo
1684 1962 1875 1992 dentiformi
1909 1961 2094 1992 instructus

274 2027 342 2058 est3
366 2019 536 2060 flagellum
561 2028 604 2049 ex
627 2018 749 2058 viginti
773 2018 842 2048 fere
867 2016 1016 2048 articulis
1042 2022 1172 2047 constat
1195 2021 1246 2054 et,
1271 2016 1346 2055 quia
1370 2016 1511 2056 quisque
1534 2013 1649 2045 horum
1673 2012 1799 2045 duobus
1834 2010 1912 2054 pilis
1941 2011 2095 2042 brevibus

275 2076 308 2103 et
338 2071 543 2102 distantibus
577 2070 748 2109 praeditus
784 2075 853 2108 est,
890 2069 1071 2110 marginem
1104 2068 1297 2099 inferiorem
1321 2065 1456 2106 praebet
1480 2072 1654 2097 serratum.
1710 2065 1887 2096 Antennae
1917 2062 2094 2093 inferiores

273 2122 443 2163 processui
467 2122 588 2152 frontis
613 2121 705 2152 brevi
729 2127 761 2151 et
785 2121 882 2151 tereti
905 2121 1071 2158 insertae,
1094 2122 1210 2150 trunco
1236 2124 1416 2159 superante
1430 2124 1580 2149 truncum
1596 2117 1819 2156 superiorum,
1843 2114 1996 2146 articulis
2021 2114 2094 2153 ejus

276 2173 404 2205 duobus
429 2173 555 2203 ultimis
579 2173 651 2204 fere
675 2173 761 2203 inter
785 2182 820 2202 se
845 2171 1054 2211 aequalibus,
1081 2169 1214 2211 flagello
1238 2170 1357 2211 viginti
1381 2169 1451 2201 fere
1475 2167 1623 2200 articulis
1647 2167 1846 2207 composito.

385 2224 435 2259 ,ln
459 2225 577 2263 capitis
602 2224 776 2263 superficie
800 2223 883 2254 duae
907 2222 1056 2254 maculae
1080 2222 1193 2253 fuscae
1217 2231 1255 2252 ac
1283 2221 1478 2252 reniformes
1510 2221 1595 2251 sitae
1629 2225 1724 2257 sunt,
1761 2228 1843 2257 quae
1876 2217 1910 2247 in
1945 2215 2094 2256 margine

278 2279 351 2317 ejus
376 2277 506 2318 postico
530 2277 733 2307 conveniunt
758 2286 820 2306 nec
844 2275 1013 2305 distinctis
1036 2273 1161 2305 finibus
1186 2273 1410 2305 continentur.
1456 2273 1497 2304 In
1520 2271 1573 2302 his
1598 2269 1739 2301 maculis
1764 2267 1852 2299 oculi
1881 2266 1980 2306 positi
2004 2272 2093 2304 sunt,

279 2329 334 2367 qui
357 2328 467 2360 alieno
491 2328 586 2359 modo
611 2328 793 2359 constructi
817 2336 891 2357 esse
915 2326 1084 2365 videntur,
1109 2336 1208 2366 quum
1232 2323 1358 2366 globuli
1381 2323 1554 2365 pellucidi,
1578 2321 1640 2354 hoc
1662 2321 1734 2353 loco
1759 2319 1818 2352 sub
1843 2324 1915 2350 cute
1929 2317 2095 2357 perspicui

394 2437 420 2468 ⁴¹)
440 2441 476 2465 cf.
495 2441 527 2466 H.
547 2438 697 2471 Bottike,
716 2440 849 2471 Bettrfige
868 2446 921 2465 zur
941 2438 1038 2464 Fauna
1057 2439 1233 2470 Norwegens
1253 2444 1281 2469 p.
1300 2434 1345 2463 67.
