2193 2832
977 148 1027 180 37

716 237 769 264 ιτ.
804 233 950 269 vnn-ts
976 234 1096 262 ovata
1122 230 1178 266 (2)
1206 235 1293 259 suu.

310 314 411 339 Mtlne
439 310 605 336 Edwards
624 309 641 333 Ι.
660 314 683 332 c.
703 307 751 332 111.
773 313 797 337 p.
817 303 876 330 403.
894 318 928 323 --
963 303 1128 330 Monoculue
1146 300 1260 327 ovatus?
1296 302 1416 327 Jurlne
1436 304 1453 327 1.
1473 310 1496 326 c.
1517 308 1541 332 p.
1562 300 1620 328 170.
1640 302 1695 327 tab.
1717 300 1756 326 17.
1775 303 1821 333 fig.
1840 302 1865 332 5,
1883 302 1907 326 ti.

222 366 329 398 Testa
362 361 450 392 infra
484 367 670 391 transverse
705 366 872 394 convexa,
906 365 926 386 a
948 354 1054 385 latere
1077 353 1150 385 visa
1171 353 1260 384 infra
1283 351 1404 383 leviter
1427 353 1646 394 emarginata‚
1681 351 1832 394 margine
1856 361 1907 382 su-

105 418 232 457 periore
254 423 406 447 convexo
430 418 462 443 et
485 409 612 442 duobus
636 407 693 439 vel
717 406 821 438 tribus
846 405 974 437 sinibus
999 406 1176 441 instructo,
1201 413 1334 444 quorum
1360 402 1462 442 alius,
1497 404 1550 443 qui
1574 404 1718 435 omnium
1753 404 1909 434 minimus

106 475 173 506 est,
197 476 294 506 supra
318 463 461 500 oculum,
485 462 571 493 alius
594 461 628 491 in
653 459 759 490 medio
782 462 904 494 testae,
939 457 1041 496 alius,
1077 457 1134 497 qui
1157 455 1435 495 profundissimus
1460 461 1526 494 est,
1561 461 1638 486 ante
1662 455 1908 487 extremitatem

105 518 322 557 posteriorem
346 516 430 546 situs
454 519 514 547 est.
559 510 723 542 Valvulae
747 508 907 540 lateribus
932 508 1062 540 modice
1086 508 1237 544 tumidis,
1262 506 1402 538 latitudo
1426 512 1532 538 testae
1566 505 1734 538 altitudini
1762 507 1833 538 fere
1857 517 1909 539 ae-

105 569 226 608 qualis,
252 565 484 599 extremitates
507 564 594 594 inter
617 573 653 593 se
678 561 813 593 omnino
837 559 1008 600 aequales,
1032 559 1198 600 margines
1223 558 1314 598 plani
1337 557 1389 589 vel
1414 557 1595 589 subreflcxi
1622 564 1655 589 et
1677 557 1786 597 pilosi.

223 618 326 650 Testa
349 621 482 654 tenera,
505 613 753 656 subpellucida,
778 612 911 651 viridis,
935 609 1061 642 duabus
1085 609 1224 642 m'aculis
1248 610 1354 652 magis
1378 609 1617 652 nigricantibus
1645 610 1678 641 in
1709 613 1803 651 tergo
1827 610 1910 641 sitis.

59 682 70 685 -
106 669 290 711 Longitudo
313 669 365 707 o‚9
388 667 447 699 lin.

224 721 333 760 Prope
356 719 615 760 Regiomontum
639 726 720 748 vere
744 715 877 747 offendi.

220 771 304 808 Num
341 770 422 802 haec
456 769 582 809 species
616 768 791 801 Monoculo
815 772 908 799 ovato
930 765 1101 805 Jurinii,
1136 767 1188 797 cui
1218 764 1387 797 nonnullis
1418 765 1550 805 quidem
1580 764 1677 797 rebus
1708 764 1827 796 similis
1852 771 1913 802 est,

106 823 320 864 respondeat,
345 832 409 854 non
434 821 517 852 satis
541 818 620 851 mihi
645 820 850 859 exploratum
876 823 937 848 est.

707 913 763 939 18.
801 910 947 945 Onu-Is
973 909 1306 943 lntstrigatarsuu.

278 986 396 1010 Mllne
424 984 610 1009 Edwards
629 984 646 1007 J.
657 990 680 1007 c.
692 982 742 1007 111.
760 979 899 1013 p.403.—
925 980 1090 1007 Monoculus
1103 979 1268 1011 bistrigacus
1286 980 1429 1006 Jurtne
1448 982 1463 1005 1.
1486 987 1508 1005 c.
1527 987 1552 1011 p.
1573 978 1631 1006 177.
1650 982 1685 1011 pl.
1705 978 1746 1007 19.
1765 981 1811 1013 fig.
1823 979 1916 1011 1213.

192 1035 297 1067 Testa
320 1033 530 1076 irregulariS‚
560 1044 579 1064 a
600 1033 705 1064 latere
728 1033 800 1063 visa
823 1032 910 1063 infra
935 1032 1155 1073 emarginata,
1189 1028 1339 1072 m'argine
1363 1031 1532 1070 superiore
1567 1040 1664 1070 supra
1693 1030 1822 1062 oculum
1846 1033 1917 1071 qui-

108 1089 183 1119 dem
207 1086 338 1126 oblique
362 1085 579 1123 ascendente,
603 1085 786 1123 posteriore
809 1086 918 1115 autem
952 1087 1048 1123 parte
1082 1084 1165 1114 satis
1199 1082 1363 1122 profunde
1391 1083 1612 1127 emarginato,
1647 1082 1917 1114 extremitatibus

109 1146 140 1169 et
154 1138 266 1169 antica
290 1144 322 1168 et
337 1138 464 1178 postica
476 1137 543 1167 late
567 1136 771 1174 rotundatis,
795 1135 853 1166 sed
877 1136 989 1167 antica
1012 1134 1116 1166 multo
1140 1133 1260 1166 altiore
1284 1144 1383 1175 quam
1407 1135 1550 1174 postica,
1574 1134 1721 1165 maxima
1744 1135 1919 1165 altitudine

109 1200 207 1229 supra
229 1188 362 1221 oculum
385 1189 468 1225 sita;
491 1198 511 1219 a
534 1194 626 1228 tergo
650 1193 827 1226 conspecta
851 1191 937 1217 testa
961 1187 1129 1218 anteriore
1152 1192 1245 1226 parte
1268 1186 1372 1217 multo
1397 1186 1572 1227 angustior
1600 1196 1698 1227 quam
1722 1186 1919 1225 posteriore,

109 1239 250 1272 valvulis
274 1239 402 1271 modice
426 1238 605 1277 convexis,
629 1237 822 1279 plerumque
845 1238 879 1268 in
903 1238 1012 1269 medio
1035 1238 1256 1280 longitudinis
1282 1238 1497 1276 compressis,
1520 1236 1696 1268 latitudine
1725 1236 1828 1268 multo
1856 1237 1919 1268 mi-

109 1302 190 1323 nore
213 1300 308 1331 quam
332 1289 483 1322 altitudo.
528 1290 719 1331 MargineS,
743 1296 885 1330 excepto
909 1290 1095 1330 superiore,
1120 1288 1229 1329 pilosi.
1281 1288 1407 1320 Oculus
1431 1299 1551 1330 parvus
1576 1295 1609 1319 et
1631 1289 1687 1319 vix
1712 1288 1918 1328 conspicuus.

224 1340 325 1373 Color
348 1352 366 1372 e
389 1342 483 1373 fusco
507 1350 706 1380 canescens,
731 1341 861 1380 pictura
883 1352 997 1381 parum
1020 1349 1202 1381 expressa3
1237 1339 1367 1372 macula
1391 1341 1549 1381 quaedam
1572 1340 1667 1372 fusca
1689 1340 1723 1371 in
1738 1346 1831 1382 tergo
1856 1340 1920 1371 sita

110 1401 159 1425 est
183 1400 215 1424 et
239 1394 342 1425 striae
365 1393 514 1434 ejusdem
539 1393 658 1424 coloris
683 1403 702 1422 a
725 1398 819 1433 tergo
843 1393 883 1423 ad
907 1392 1012 1424 latera
1041 1392 1258 1424 descendunt.

228 1443 322 1476 Haec
335 1445 463 1486 species
487 1444 660 1476 Monoculo
673 1444 839 1484 bistriyalo
862 1443 1018 1475 Jurinii
1042 1443 1241 1483 respondere
1265 1443 1404 1483 videtur,
1429 1446 1576 1484 quamvis
1600 1444 1653 1475 hic
1676 1448 1763 1475 testa
1787 1444 1921 1474 omnino

112 1495 217 1534 pilosa
241 1503 273 1527 et
296 1497 423 1537 pictura
447 1496 552 1537 magis
577 1505 739 1536 expressa
762 1496 943 1526 instructus
968 1497 1028 1528 est.
1051 1494 1119 1528 Hic
1142 1505 1224 1527 vero
1248 1506 1267 1526 a
1286 1495 1390 1538 Cypri
1411 1497 1552 1537 strigata
1574 1494 1761 1534 Mtilleri,
1785 1504 1920 1534 quacum

112 1557 184 1578 eum
210 1548 381 1589 conjungit
404 1546 560 1586 Jurine,
586 1547 719 1578 omnino
744 1547 921 1586 discrepat.

371 1623 400 1654 b.
446 1623 528 1656 Pars
550 1629 648 1656 testae
670 1626 777 1656 antica
799 1625 959 1661 humilior,
983 1634 1074 1666 quam
1095 1627 1230 1665 postica.

721 1700 782 1727 ss).
817 1699 963 1734 cypris
989 1702 1186 1729 atu-antia
1215 1704 1310 1729 JUR.

285 1770 312 1795 M
322 1771 331 1795 i
342 1771 350 1795 1
360 1776 377 1795 n
389 1776 404 1794 e
431 1770 453 1795 E
464 1771 517 1795 dxv
528 1777 543 1795 a
553 1776 566 1795 r
577 1771 593 1795 d
603 1777 616 1795 s
635 1772 652 1796 l.
674 1777 697 1795 c.
714 1771 764 1795 111.
783 1777 809 1802 Ι).
827 1769 931 1796 402-—
947 1770 1111 1796 Illonoculus
1121 1772 1264 1797 aurantius
1282 1773 1300 1797 J
1311 1780 1326 1797 u
1338 1774 1397 1798 rin
1409 1778 1423 1796 e
1443 1774 1460 1797 l.
1480 1779 1501 1797 c.
1521 1779 1548 1803 p.
1560 1770 1618 1798 173.
1637 1774 1693 1798 tab.
1711 1770 1752 1798 18.
1772 1773 1818 1805 fig.
1828 1770 1922 1797 5-1-2.

201 1819 402 1851 Animalium
427 1819 610 1852 adultorum
636 1827 723 1852 testa
746 1831 764 1851 a
788 1820 892 1852 latere
917 1826 1094 1861 conspecta
1118 1823 1207 1854 infra
1230 1822 1351 1854 leviter
1373 1823 1596 1864 emarginata‚
1631 1824 1782 1865 margine
1805 1833 1921 1862 supero

116 1871 208 1901 valde
234 1881 384 1902 convexo
408 1879 440 1902 et
464 1873 538 1904 sinu
562 1883 665 1912 parvo
690 1883 788 1912 supra
812 1872 938 1904 oculum
964 1873 1140 1910 instructo,
1175 1880 1268 1914 parte
1303 1875 1412 1906 antica
1449 1873 1626 1906 humiliore
1659 1885 1754 1914 quam
1782 1875 1923 1914 postica,

116 1921 292 1953 altitudine
316 1923 462 1954 maxima
484 1923 553 1955 fere
576 1925 610 1954 in
636 1924 746 1955 medio
771 1924 851 1961 sita3
876 1935 894 1955 a
918 1928 1012 1966 tergo
1036 1926 1107 1956 visa
1131 1926 1295 1956 anteriore
1320 1932 1411 1965 parte
1435 1927 1609 1968 angustior
1622 1936 1716 1966 quam
1729 1927 1922 1966 posteriore,

117 1973 258 2005 valvulis
282 1975 492 2006 mediocriter
515 1976 690 2015 convexis,
727 1976 871 2007 maxima
906 1975 1083 2008 latitudine
1117 1981 1193 2018 post
1228 1978 1371 2010 medium
1396 1979 1459 2009 sita
1482 1986 1514 2009 et
1544 1977 1648 2009 multo
1671 1979 1799 2010 minore
1827 1987 1923 2019 quam

118 2024 270 2057 altitudo.
295 2042 331 2049 —
380 2025 508 2058 Oculus
543 2037 682 2068 magnus
708 2029 739 2058 et
763 2037 781 2057 a
805 2028 954 2069 margine
989 2030 1159 2068 superiore
1193 2036 1349 2061 remotus.
1407 2028 1526 2071 Margo
1550 2030 1678 2062 anticus
1701 2032 1742 2062 *et
1764 2029 1922 2070 marginis

117 2075 285 2107 inferioris
310 2087 386 2117 pars
410 2078 522 2109 antica
546 2078 667 2111 ciliata.

239 2127 339 2158 Color
362 2131 571 2160 aurantiacus
597 2135 628 2161 et
652 2140 691 2161 eo
714 2129 809 2169 Ioco,
835 2141 899 2172 quo
925 2141 1044 2170 corpus
1069 2133 1166 2163 situm
1192 2137 1260 2171 est,
1294 2135 1399 2175 magis
1424 2134 1604 2175 nigricans.
1660 2132 1814 2165 Maculae
1842 2142 1923 2163 non-

120 2177 229 2209 nullae
253 2178 367 2209 fuscae
391 2190 488 2219 prope
512 2182 692 2221 marginem
718 2192 872 2223 superum
898 2183 982 2213 sitae
1007 2187 1094 2214 sunt.
1142 2184 1332 2225 Longitudo
1356 2186 1430 2223 0,ὃὸ
1455 2186 1530 2221 lin.;
1554 2184 1696 2216 altitudo
1719 2185 1804 2225 0,39.

236 2228 405 2261 Juvenilia
439 2232 597 2264 animalia
634 2240 739 2265 testae
774 2234 881 2265 forma
916 2233 955 2264 ab
981 2233 1100 2266 adultis
1126 2237 1260 2267 omnino
1284 2236 1452 2270 differunt.
1507 2237 1626 2279 Margo
1663 2236 1789 2268 inferus
1820 2237 1854 2267 in
1880 2237 1922 2266 iis

119 2279 185 2310 fere
208 2288 332 2318 rectus,
368 2281 423 2312 vel
449 2282 696 2324 subconvexus,
732 2287 880 2324 superior
903 2285 1087 2326 aequaliter
1110 2293 1261 2318 arcuatus
1286 2295 1318 2318 et
1341 2289 1470 2321 sinibus
1495 2290 1695 2330 destitutus,
1720 2300 1795 2331 pars
1813 2290 1924 2323 antica

120 2330 220 2361 multo
244 2331 344 2365 altior
368 2344 464 2375 quam
490 2336 615 2375 postica
640 2339 673 2367 et
696 2338 842 2368 maxima
865 2337 1003 2368 altitudo
1028 2345 1104 2370 ante
1128 2339 1272 2370 medium
1297 2340 1371 2371 sita.

237 2382 346 2423 Prope
369 2384 625 2428 Regiomontum
652 2398 765 2420 mense
788 2388 877 2420 Julio
902 2389 1036 2421 offendi.
