<?xml version="1.0" encoding="UTF-8"?>
<!DOCTYPE html PUBLIC "-//W3C//DTD XHTML 1.0 Transitional//EN"
    "http://www.w3.org/TR/xhtml1/DTD/xhtml1-transitional.dtd">
<html xmlns="http://www.w3.org/1999/xhtml" xml:lang="en" lang="en">
 <head>
  <title>
</title>
<meta http-equiv="Content-Type" content="text/html;charset=utf-8" />
  <meta name='ocr-system' content='tesseract 3.04.00' />
  <meta name='ocr-capabilities' content='ocr_page ocr_carea ocr_par ocr_line ocrx_word'/>
</head>
<body>
  <div class='ocr_page' id='page_1' title='image "./synopseoscrustac00zadd_0010.png"; bbox 0 0 2193 2832; ppageno 0'>
   <div class='ocr_carea' id='block_1_1' title="bbox 1136 144 1173 168">
    <p class='ocr_par' dir='ltr' id='par_1_1' title="bbox 1136 144 1173 168">
     <span class='ocr_line' id='line_1_1' title="bbox 1136 144 1173 168; baseline -0.027 0"><span class='ocrx_word' id='word_1_1' title='bbox 1136 144 1173 168; x_wconf 84' lang='lat' dir='ltr'>lv</span> 
     </span>
    </p>
   </div>
   <div class='ocr_carea' id='block_1_2' title="bbox 237 244 2063 956">
    <p class='ocr_par' dir='ltr' id='par_1_2' title="bbox 237 244 2063 956">
     <span class='ocr_line' id='line_1_2' title="bbox 239 244 2060 296; baseline 0.002 -14"><span class='ocrx_word' id='word_1_2' title='bbox 239 248 511 296; x_wconf 76' lang='lat' dir='ltr'>disjunguntur,</span> <span class='ocrx_word' id='word_1_3' title='bbox 568 261 613 283; x_wconf 86' lang='lat' dir='ltr'>eo</span> <span class='ocrx_word' id='word_1_4' title='bbox 655 246 814 284; x_wconf 88' lang='lat' dir='ltr'>lirmiora</span> <span class='ocrx_word' id='word_1_5' title='bbox 867 259 911 284; x_wconf 87' lang='lat' dir='ltr'>ac</span> <span class='ocrx_word' id='word_1_6' title='bbox 954 247 1106 284; x_wconf 84' lang='lat' dir='ltr'><strong>meliora</strong></span> <span class='ocrx_word' id='word_1_7' title='bbox 1146 244 1383 282; x_wconf 85' lang='lat' dir='ltr'>fundamenta</span> <span class='ocrx_word' id='word_1_8' title='bbox 1424 250 1526 292; x_wconf 82' lang='lat' dir='ltr'>sunt,</span> <span class='ocrx_word' id='word_1_9' title='bbox 1580 247 1708 295; x_wconf 86' lang='lat' dir='ltr'>quibus</span> <span class='ocrx_word' id='word_1_10' title='bbox 1749 248 1950 286; x_wconf 82' lang='lat' dir='ltr'>innitentes</span> <span class='ocrx_word' id='word_1_11' title='bbox 1992 251 2060 286; x_wconf 83' lang='lat' dir='ltr'>ad-</span> 
     </span>
     <span class='ocr_line' id='line_1_3' title="bbox 238 340 2059 391; baseline 0.003 -14"><span class='ocrx_word' id='word_1_12' title='bbox 238 342 308 378; x_wconf 88' lang='lat' dir='ltr'>lmc</span> <span class='ocrx_word' id='word_1_13' title='bbox 349 342 539 390; x_wconf 78' lang='lat' dir='ltr'>incognita</span> <span class='ocrx_word' id='word_1_14' title='bbox 581 342 745 391; x_wconf 88' lang='lat' dir='ltr'>reperire</span> <span class='ocrx_word' id='word_1_15' title='bbox 788 341 991 378; x_wconf 79' lang='lat' dir='ltr'><strong>studemus.</strong></span> <span class='ocrx_word' id='word_1_16' title='bbox 1073 340 1284 386; x_wconf 77' lang='lat' dir='ltr'>Modone</span> <span class='ocrx_word' id='word_1_17' title='bbox 1326 340 1513 388; x_wconf 86' lang='lat' dir='ltr'>quisquam</span> <span class='ocrx_word' id='word_1_18' title='bbox 1561 340 1594 376; x_wconf 92' lang='lat' dir='ltr'>in</span> <span class='ocrx_word' id='word_1_19' title='bbox 1642 341 1700 378; x_wconf 89' lang='lat' dir='ltr'>his</span> <span class='ocrx_word' id='word_1_20' title='bbox 1749 343 1908 391; x_wconf 83' lang='lat' dir='ltr'>singulis</span> <span class='ocrx_word' id='word_1_21' title='bbox 1948 345 2059 382; x_wconf 82' lang='lat' dir='ltr'>rebus</span> 
     </span>
     <span class='ocr_line' id='line_1_4' title="bbox 238 434 2059 492; baseline 0.002 -20"><span class='ocrx_word' id='word_1_22' title='bbox 238 434 533 484; x_wconf 67' lang='lat' dir='ltr'>contemplandis</span> <span class='ocrx_word' id='word_1_23' title='bbox 577 440 778 492; x_wconf 12' lang='lat' dir='ltr'>*remaneat</span> <span class='ocrx_word' id='word_1_24' title='bbox 832 441 869 472; x_wconf 91' lang='lat' dir='ltr'>et</span> <span class='ocrx_word' id='word_1_25' title='bbox 923 435 1192 484; x_wconf 78' lang='lat' dir='ltr'>conquiescat!</span> <span class='ocrx_word' id='word_1_26' title='bbox 1273 434 1351 470; x_wconf 88' lang='lat' dir='ltr'>lmo</span> <span class='ocrx_word' id='word_1_27' title='bbox 1406 446 1495 471; x_wconf 88' lang='lat' dir='ltr'>vero</span> <span class='ocrx_word' id='word_1_28' title='bbox 1548 445 1616 484; x_wconf 89' lang='lat' dir='ltr'>per</span> <span class='ocrx_word' id='word_1_29' title='bbox 1670 434 1820 484; x_wconf 84' lang='lat' dir='ltr'>singula</span> <span class='ocrx_word' id='word_1_30' title='bbox 1874 438 2059 487; x_wconf 86' lang='lat' dir='ltr'>proceda-</span> 
     </span>
     <span class='ocr_line' id='line_1_5' title="bbox 239 528 2060 580; baseline 0.003 -15"><span class='ocrx_word' id='word_1_31' title='bbox 239 543 317 566; x_wconf 84' lang='lat' dir='ltr'>mus</span> <span class='ocrx_word' id='word_1_32' title='bbox 373 529 419 565; x_wconf 80' lang='lat' dir='ltr'>ad</span> <span class='ocrx_word' id='word_1_33' title='bbox 460 530 695 567; x_wconf 83' lang='lat' dir='ltr'>universum!</span> <span class='ocrx_word' id='word_1_34' title='bbox 777 529 858 568; x_wconf 87' lang='lat' dir='ltr'>Sed</span> <span class='ocrx_word' id='word_1_35' title='bbox 913 529 999 565; x_wconf 85' lang='lat' dir='ltr'>illae</span> <span class='ocrx_word' id='word_1_36' title='bbox 1048 529 1183 578; x_wconf 84' lang='lat' dir='ltr'>leges,</span> <span class='ocrx_word' id='word_1_37' title='bbox 1238 528 1369 577; x_wconf 84' lang='lat' dir='ltr'>quibus</span> <span class='ocrx_word' id='word_1_38' title='bbox 1411 529 1523 567; x_wconf 85' lang='lat' dir='ltr'>ducta</span> <span class='ocrx_word' id='word_1_39' title='bbox 1564 532 1691 566; x_wconf 85' lang='lat' dir='ltr'>natura</span> <span class='ocrx_word' id='word_1_40' title='bbox 1731 529 1851 579; x_wconf 79' lang='lat' dir='ltr'>gignit</span> <span class='ocrx_word' id='word_1_41' title='bbox 1890 537 1929 580; x_wconf 86' lang='lat' dir='ltr'>et</span> <span class='ocrx_word' id='word_1_42' title='bbox 1970 545 2060 570; x_wconf 92' lang='lat' dir='ltr'>con—</span> 
     </span>
     <span class='ocr_line' id='line_1_6' title="bbox 238 622 2058 675; baseline 0.002 -16"><span class='ocrx_word' id='word_1_43' title='bbox 238 624 368 660; x_wconf 81' lang='lat' dir='ltr'>format</span> <span class='ocrx_word' id='word_1_44' title='bbox 411 623 603 669; x_wconf 84' lang='lat' dir='ltr'>animalia,</span> <span class='ocrx_word' id='word_1_45' title='bbox 659 636 729 660; x_wconf 87' lang='lat' dir='ltr'>non</span> <span class='ocrx_word' id='word_1_46' title='bbox 775 631 845 660; x_wconf 87' lang='lat' dir='ltr'>tam</span> <span class='ocrx_word' id='word_1_47' title='bbox 887 627 1039 672; x_wconf 88' lang='lat' dir='ltr'>apertae</span> <span class='ocrx_word' id='word_1_48' title='bbox 1087 628 1126 660; x_wconf 85' lang='lat' dir='ltr'>et</span> <span class='ocrx_word' id='word_1_49' title='bbox 1166 622 1376 672; x_wconf 84' lang='lat' dir='ltr'>pellucidae</span> <span class='ocrx_word' id='word_1_50' title='bbox 1424 629 1532 671; x_wconf 83' lang='lat' dir='ltr'>sunt,</span> <span class='ocrx_word' id='word_1_51' title='bbox 1587 629 1626 660; x_wconf 86' lang='lat' dir='ltr'>ut</span> <span class='ocrx_word' id='word_1_52' title='bbox 1683 623 1797 673; x_wconf 89' lang='lat' dir='ltr'>primo</span> <span class='ocrx_word' id='word_1_53' title='bbox 1853 632 2058 675; x_wconf 85' lang='lat' dir='ltr'>conspectu</span> 
     </span>
     <span class='ocr_line' id='line_1_7' title="bbox 237 716 2062 768; baseline 0.003 -16"><span class='ocrx_word' id='word_1_54' title='bbox 237 723 463 767; x_wconf 74' lang='lat' dir='ltr'>appareant,</span> <span class='ocrx_word' id='word_1_55' title='bbox 518 717 588 755; x_wconf 86' lang='lat' dir='ltr'>sed</span> <span class='ocrx_word' id='word_1_56' title='bbox 631 718 840 767; x_wconf 90' lang='lat' dir='ltr'>plerumque</span> <span class='ocrx_word' id='word_1_57' title='bbox 882 717 979 754; x_wconf 85' lang='lat' dir='ltr'>adeo</span> <span class='ocrx_word' id='word_1_58' title='bbox 1021 716 1266 755; x_wconf 81' lang='lat' dir='ltr'>absconditae</span> <span class='ocrx_word' id='word_1_59' title='bbox 1314 722 1353 755; x_wconf 84' lang='lat' dir='ltr'>et</span> <span class='ocrx_word' id='word_1_60' title='bbox 1392 718 1605 764; x_wconf 78' lang='lat' dir='ltr'>involutae,</span> <span class='ocrx_word' id='word_1_61' title='bbox 1659 724 1697 755; x_wconf 88' lang='lat' dir='ltr'>ut</span> <span class='ocrx_word' id='word_1_62' title='bbox 1750 731 1938 768; x_wconf 84' lang='lat' dir='ltr'>numquam</span> <span class='ocrx_word' id='word_1_63' title='bbox 1991 721 2062 757; x_wconf 89' lang='lat' dir='ltr'>nisi</span> 
     </span>
     <span class='ocr_line' id='line_1_8' title="bbox 238 811 2063 862; baseline 0.001 -13"><span class='ocrx_word' id='word_1_64' title='bbox 238 812 398 860; x_wconf 78' lang='lat' dir='ltr'>plurimis</span> <span class='ocrx_word' id='word_1_65' title='bbox 453 812 579 849; x_wconf 86' lang='lat' dir='ltr'>formis</span> <span class='ocrx_word' id='word_1_66' title='bbox 635 812 855 848; x_wconf 80' lang='lat' dir='ltr'>examinatis</span> <span class='ocrx_word' id='word_1_67' title='bbox 911 817 949 848; x_wconf 85' lang='lat' dir='ltr'>et</span> <span class='ocrx_word' id='word_1_68' title='bbox 1003 811 1228 862; x_wconf 84' lang='lat' dir='ltr'>comparatis</span> <span class='ocrx_word' id='word_1_69' title='bbox 1288 812 1520 850; x_wconf 80' lang='lat' dir='ltr'>inveniantur</span> <span class='ocrx_word' id='word_1_70' title='bbox 1573 817 1611 850; x_wconf 89' lang='lat' dir='ltr'>et</span> <span class='ocrx_word' id='word_1_71' title='bbox 1662 813 1885 851; x_wconf 84' lang='lat' dir='ltr'>revelentur.</span> <span class='ocrx_word' id='word_1_72' title='bbox 1981 814 2063 858; x_wconf 78' lang='lat' dir='ltr'>Qua</span> 
     </span>
     <span class='ocr_line' id='line_1_9' title="bbox 239 906 2063 956; baseline 0.002 -15"><span class='ocrx_word' id='word_1_73' title='bbox 239 919 276 942; x_wconf 86' lang='lat' dir='ltr'>re</span> <span class='ocrx_word' id='word_1_74' title='bbox 333 906 502 955; x_wconf 88' lang='lat' dir='ltr'>profecto</span> <span class='ocrx_word' id='word_1_75' title='bbox 558 906 656 943; x_wconf 86' lang='lat' dir='ltr'>scire</span> <span class='ocrx_word' id='word_1_76' title='bbox 712 918 782 943; x_wconf 86' lang='lat' dir='ltr'>nos</span> <span class='ocrx_word' id='word_1_77' title='bbox 838 911 1008 956; x_wconf 80' lang='lat' dir='ltr'>oportet,</span> <span class='ocrx_word' id='word_1_78' title='bbox 1077 918 1172 955; x_wconf 88' lang='lat' dir='ltr'>quae</span> <span class='ocrx_word' id='word_1_79' title='bbox 1226 906 1301 944; x_wconf 88' lang='lat' dir='ltr'>sint</span> <span class='ocrx_word' id='word_1_80' title='bbox 1354 907 1546 956; x_wconf 83' lang='lat' dir='ltr'>aptissima</span> <span class='ocrx_word' id='word_1_81' title='bbox 1600 919 1750 954; x_wconf 84' lang='lat' dir='ltr'>eorum,</span> <span class='ocrx_word' id='word_1_82' title='bbox 1817 920 1911 956; x_wconf 89' lang='lat' dir='ltr'>quae</span> <span class='ocrx_word' id='word_1_83' title='bbox 1965 913 2063 945; x_wconf 82' lang='lat' dir='ltr'>terra</span> 
     </span>
    </p>
   </div>
   <div class='ocr_carea' id='block_1_3' title="bbox 237 999 2062 1052">
    <p class='ocr_par' dir='ltr' id='par_1_3' title="bbox 237 999 2062 1052">
     <span class='ocr_line' id='line_1_10' title="bbox 237 999 2062 1052; baseline 0.002 -17"><span class='ocrx_word' id='word_1_84' title='bbox 237 1007 365 1037; x_wconf 81' lang='lat' dir='ltr'>nostra</span> <span class='ocrx_word' id='word_1_85' title='bbox 412 1001 591 1049; x_wconf 83' lang='lat' dir='ltr'>praebeat</span> <span class='ocrx_word' id='word_1_86' title='bbox 638 999 875 1037; x_wconf 87' lang='lat' dir='ltr'>observanda</span> <span class='ocrx_word' id='word_1_87' title='bbox 924 1006 961 1037; x_wconf 82' lang='lat' dir='ltr'>et</span> <span class='ocrx_word' id='word_1_88' title='bbox 1011 1000 1282 1050; x_wconf 80' lang='lat' dir='ltr'>perquirenda,</span> <span class='ocrx_word' id='word_1_89' title='bbox 1337 1006 1375 1038; x_wconf 87' lang='lat' dir='ltr'>ut</span> <span class='ocrx_word' id='word_1_90' title='bbox 1428 1001 1487 1039; x_wconf 86' lang='lat' dir='ltr'>his</span> <span class='ocrx_word' id='word_1_91' title='bbox 1534 1001 1750 1052; x_wconf 77' lang='lat' dir='ltr'>perquisitis</span> <span class='ocrx_word' id='word_1_92' title='bbox 1799 1008 1837 1039; x_wconf 87' lang='lat' dir='ltr'>et</span> <span class='ocrx_word' id='word_1_93' title='bbox 1882 1002 1977 1040; x_wconf 90' lang='lat' dir='ltr'>inter</span> <span class='ocrx_word' id='word_1_94' title='bbox 2018 1016 2062 1039; x_wconf 87' lang='lat' dir='ltr'>se</span> 
     </span>
    </p>
   </div>
   <div class='ocr_carea' id='block_1_4' title="bbox 179 1090 2063 1144">
    <p class='ocr_par' dir='ltr' id='par_1_4' title="bbox 179 1090 2063 1144">
     <span class='ocr_line' id='line_1_11' title="bbox 179 1090 2063 1144; baseline 0.003 -15"><span class='ocrx_word' id='word_1_95' title='bbox 179 1090 184 1097; x_wconf 86' lang='lat'>&#39;</span> <span class='ocrx_word' id='word_1_96' title='bbox 240 1094 462 1144; x_wconf 75' lang='lat' dir='ltr'>comparatis</span> <span class='ocrx_word' id='word_1_97' title='bbox 517 1106 565 1130; x_wconf 87' lang='lat' dir='ltr'>ex</span> <span class='ocrx_word' id='word_1_98' title='bbox 619 1094 732 1130; x_wconf 86' lang='lat' dir='ltr'>variis</span> <span class='ocrx_word' id='word_1_99' title='bbox 789 1106 980 1144; x_wconf 87' lang='lat' dir='ltr'>corporum</span> <span class='ocrx_word' id='word_1_100' title='bbox 1033 1095 1160 1132; x_wconf 87' lang='lat' dir='ltr'>formis</span> <span class='ocrx_word' id='word_1_101' title='bbox 1214 1094 1262 1131; x_wconf 88' lang='lat' dir='ltr'>ad</span> <span class='ocrx_word' id='word_1_102' title='bbox 1317 1095 1402 1131; x_wconf 87' lang='lat' dir='ltr'>illas</span> <span class='ocrx_word' id='word_1_103' title='bbox 1457 1107 1669 1134; x_wconf 89' lang='lat' dir='ltr'>communes</span> <span class='ocrx_word' id='word_1_104' title='bbox 1712 1095 1966 1133; x_wconf 87' lang='lat' dir='ltr'>conformandi</span> <span class='ocrx_word' id='word_1_105' title='bbox 2005 1097 2063 1134; x_wconf 91' lang='lat' dir='ltr'>le-</span> 
     </span>
    </p>
   </div>
   <div class='ocr_carea' id='block_1_5' title="bbox 237 1187 2064 1618">
    <p class='ocr_par' dir='ltr' id='par_1_5' title="bbox 237 1187 2064 1618">
     <span class='ocr_line' id='line_1_12' title="bbox 237 1187 2064 1239; baseline 0.002 -15"><span class='ocrx_word' id='word_1_106' title='bbox 237 1200 311 1237; x_wconf 78' lang='lat' dir='ltr'>ges</span> <span class='ocrx_word' id='word_1_107' title='bbox 365 1187 655 1237; x_wconf 80' lang='lat' dir='ltr'>progrediamur.</span> <span class='ocrx_word' id='word_1_108' title='bbox 738 1188 855 1233; x_wconf 80' lang='lat' dir='ltr'>Quam</span> <span class='ocrx_word' id='word_1_109' title='bbox 907 1188 1162 1239; x_wconf 84' lang='lat' dir='ltr'>investigandi</span> <span class='ocrx_word' id='word_1_110' title='bbox 1215 1189 1312 1226; x_wconf 82' lang='lat' dir='ltr'>viam</span> <span class='ocrx_word' id='word_1_111' title='bbox 1364 1194 1506 1227; x_wconf 86' lang='lat' dir='ltr'>rectam</span> <span class='ocrx_word' id='word_1_112' title='bbox 1560 1201 1651 1228; x_wconf 88' lang='lat' dir='ltr'>esse</span> <span class='ocrx_word' id='word_1_113' title='bbox 1707 1201 1922 1237; x_wconf 71' lang='lat' dir='ltr'>concesse,</span> <span class='ocrx_word' id='word_1_114' title='bbox 1983 1191 2064 1239; x_wconf 87' lang='lat' dir='ltr'>quis</span> 
     </span>
     <span class='ocr_line' id='line_1_13' title="bbox 237 1282 2063 1334; baseline 0.001 -14"><span class='ocrx_word' id='word_1_115' title='bbox 237 1288 323 1329; x_wconf 85' lang='lat' dir='ltr'>est,</span> <span class='ocrx_word' id='word_1_116' title='bbox 377 1282 438 1332; x_wconf 87' lang='lat' dir='ltr'>qui</span> <span class='ocrx_word' id='word_1_117' title='bbox 462 1306 469 1313; x_wconf 87' lang='lat'><strong>·</strong></span> <span class='ocrx_word' id='word_1_118' title='bbox 490 1287 629 1332; x_wconf 82' lang='lat' dir='ltr'>negat,</span> <span class='ocrx_word' id='word_1_119' title='bbox 683 1283 755 1321; x_wconf 88' lang='lat' dir='ltr'>hac</span> <span class='ocrx_word' id='word_1_120' title='bbox 809 1283 952 1321; x_wconf 86' lang='lat' dir='ltr'>ratione</span> <span class='ocrx_word' id='word_1_121' title='bbox 1007 1284 1225 1333; x_wconf 79' lang='lat' dir='ltr'>Zoologiae</span> <span class='ocrx_word' id='word_1_122' title='bbox 1278 1283 1447 1321; x_wconf 86' lang='lat' dir='ltr'>ambitum</span> <span class='ocrx_word' id='word_1_123' title='bbox 1500 1283 1612 1322; x_wconf 86' lang='lat' dir='ltr'>valde</span> <span class='ocrx_word' id='word_1_124' title='bbox 1668 1283 1889 1334; x_wconf 86' lang='lat' dir='ltr'>amplificari.</span> <span class='ocrx_word' id='word_1_125' title='bbox 1976 1285 2063 1321; x_wconf 83' lang='lat' dir='ltr'>Alia</span> 
     </span>
     <span class='ocr_line' id='line_1_14' title="bbox 238 1377 2063 1428; baseline 0.001 -14"><span class='ocrx_word' id='word_1_126' title='bbox 238 1378 333 1415; x_wconf 89' lang='lat' dir='ltr'>enim</span> <span class='ocrx_word' id='word_1_127' title='bbox 386 1378 455 1415; x_wconf 84' lang='lat' dir='ltr'>sub</span> <span class='ocrx_word' id='word_1_128' title='bbox 509 1377 583 1415; x_wconf 84' lang='lat' dir='ltr'>alio</span> <span class='ocrx_word' id='word_1_129' title='bbox 643 1378 753 1416; x_wconf 89' lang='lat' dir='ltr'>coelo</span> <span class='ocrx_word' id='word_1_130' title='bbox 808 1382 893 1416; x_wconf 87' lang='lat' dir='ltr'>suut</span> <span class='ocrx_word' id='word_1_131' title='bbox 947 1378 1152 1416; x_wconf 84' lang='lat' dir='ltr'>animalium</span> <span class='ocrx_word' id='word_1_132' title='bbox 1198 1389 1366 1428; x_wconf 83' lang='lat' dir='ltr'>genera:</span> <span class='ocrx_word' id='word_1_133' title='bbox 1420 1379 1605 1416; x_wconf 85' lang='lat' dir='ltr'>variantur</span> <span class='ocrx_word' id='word_1_134' title='bbox 1657 1379 1798 1416; x_wconf 87' lang='lat' dir='ltr'>formae</span> <span class='ocrx_word' id='word_1_135' title='bbox 1852 1379 2063 1417; x_wconf 86' lang='lat' dir='ltr'>eorumdem</span> 
     </span>
     <span class='ocr_line' id='line_1_15' title="bbox 239 1472 2063 1523; baseline 0.001 -14"><span class='ocrx_word' id='word_1_136' title='bbox 239 1472 468 1519; x_wconf 83' lang='lat' dir='ltr'>animalium,</span> <span class='ocrx_word' id='word_1_137' title='bbox 538 1477 644 1523; x_wconf 88' lang='lat' dir='ltr'>prout</span> <span class='ocrx_word' id='word_1_138' title='bbox 703 1474 740 1510; x_wconf 92' lang='lat' dir='ltr'>in</span> <span class='ocrx_word' id='word_1_139' title='bbox 803 1473 919 1511; x_wconf 86' lang='lat' dir='ltr'>siccis</span> <span class='ocrx_word' id='word_1_140' title='bbox 980 1479 1019 1511; x_wconf 88' lang='lat' dir='ltr'>et</span> <span class='ocrx_word' id='word_1_141' title='bbox 1077 1473 1284 1519; x_wconf 87' lang='lat' dir='ltr'>montanis,</span> <span class='ocrx_word' id='word_1_142' title='bbox 1351 1478 1413 1510; x_wconf 83' lang='lat' dir='ltr'>aut</span> <span class='ocrx_word' id='word_1_143' title='bbox 1472 1473 1507 1509; x_wconf 88' lang='lat' dir='ltr'>in</span> <span class='ocrx_word' id='word_1_144' title='bbox 1568 1473 1762 1523; x_wconf 78' lang='lat' dir='ltr'>paludosis</span> <span class='ocrx_word' id='word_1_145' title='bbox 1816 1480 1856 1510; x_wconf 83' lang='lat' dir='ltr'>et</span> <span class='ocrx_word' id='word_1_146' title='bbox 1907 1473 2063 1511; x_wconf 84' lang='lat' dir='ltr'>humidis</span> 
     </span>
     <span class='ocr_line' id='line_1_16' title="bbox 239 1566 2062 1618; baseline 0.001 -15"><span class='ocrx_word' id='word_1_147' title='bbox 239 1567 376 1604; x_wconf 77' lang='lat' dir='ltr'>vivunt.</span> <span class='ocrx_word' id='word_1_148' title='bbox 459 1566 542 1612; x_wconf 81' lang='lat' dir='ltr'>Quo</span> <span class='ocrx_word' id='word_1_149' title='bbox 592 1568 705 1616; x_wconf 84' lang='lat' dir='ltr'>igitur</span> <span class='ocrx_word' id='word_1_150' title='bbox 751 1568 824 1605; x_wconf 90' lang='lat' dir='ltr'>alio</span> <span class='ocrx_word' id='word_1_151' title='bbox 871 1567 981 1606; x_wconf 91' lang='lat' dir='ltr'>modo</span> <span class='ocrx_word' id='word_1_152' title='bbox 1022 1568 1184 1617; x_wconf 81' lang='lat' dir='ltr'>intelligi</span> <span class='ocrx_word' id='word_1_153' title='bbox 1230 1573 1384 1618; x_wconf 85' lang='lat' dir='ltr'>potest,</span> <span class='ocrx_word' id='word_1_154' title='bbox 1438 1580 1531 1616; x_wconf 84' lang='lat' dir='ltr'>quae</span> <span class='ocrx_word' id='word_1_155' title='bbox 1586 1568 1661 1605; x_wconf 89' lang='lat' dir='ltr'>sint</span> <span class='ocrx_word' id='word_1_156' title='bbox 1709 1568 1797 1605; x_wconf 89' lang='lat' dir='ltr'>illae</span> <span class='ocrx_word' id='word_1_157' title='bbox 1846 1569 2062 1609; x_wconf 79' lang='lat' dir='ltr'>varietates,</span> 
     </span>
    </p>
   </div>
   <div class='ocr_carea' id='block_1_6' title="bbox 241 1661 1846 1712">
    <p class='ocr_par' dir='ltr' id='par_1_6' title="bbox 241 1661 1846 1712">
     <span class='ocr_line' id='line_1_17' title="bbox 241 1661 1846 1712; baseline 0.001 -16"><span class='ocrx_word' id='word_1_158' title='bbox 241 1661 331 1708; x_wconf 84' lang='lat' dir='ltr'>nisi,</span> <span class='ocrx_word' id='word_1_159' title='bbox 373 1673 468 1710; x_wconf 85' lang='lat' dir='ltr'>quae</span> <span class='ocrx_word' id='word_1_160' title='bbox 509 1663 544 1698; x_wconf 85' lang='lat' dir='ltr'>in</span> <span class='ocrx_word' id='word_1_161' title='bbox 587 1663 745 1712; x_wconf 81' lang='lat' dir='ltr'>singulis</span> <span class='ocrx_word' id='word_1_162' title='bbox 787 1664 897 1700; x_wconf 89' lang='lat' dir='ltr'>terris</span> <span class='ocrx_word' id='word_1_163' title='bbox 938 1663 1193 1706; x_wconf 69' lang='lat' dir='ltr'>inveniuntur,</span> <span class='ocrx_word' id='word_1_164' title='bbox 1236 1662 1519 1700; x_wconf 82' lang='lat' dir='ltr'>accuratissime</span> <span class='ocrx_word' id='word_1_165' title='bbox 1561 1662 1634 1699; x_wconf 79' lang='lat' dir='ltr'>sint</span> <span class='ocrx_word' id='word_1_166' title='bbox 1661 1662 1846 1712; x_wconf 68' lang='lat' dir='ltr'>cognita?</span> 
     </span>
    </p>
   </div>
   <div class='ocr_carea' id='block_1_7' title="bbox 234 1816 2065 2342">
    <p class='ocr_par' dir='ltr' id='par_1_7' title="bbox 234 1816 2065 2342">
     <span class='ocr_line' id='line_1_18' title="bbox 371 1816 2064 1867; baseline 0.001 -15"><span class='ocrx_word' id='word_1_167' title='bbox 371 1816 503 1854; x_wconf 75' lang='lat' dir='ltr'>Fauna</span> <span class='ocrx_word' id='word_1_168' title='bbox 544 1817 759 1866; x_wconf 87' lang='lat' dir='ltr'>provinciae</span> <span class='ocrx_word' id='word_1_169' title='bbox 801 1824 953 1856; x_wconf 83' lang='lat' dir='ltr'>nostrae</span> <span class='ocrx_word' id='word_1_170' title='bbox 994 1819 1201 1856; x_wconf 83' lang='lat' dir='ltr'>Borussiae</span> <span class='ocrx_word' id='word_1_171' title='bbox 1242 1831 1336 1856; x_wconf 87' lang='lat' dir='ltr'>sane</span> <span class='ocrx_word' id='word_1_172' title='bbox 1377 1817 1497 1855; x_wconf 88' lang='lat' dir='ltr'>adhuc</span> <span class='ocrx_word' id='word_1_173' title='bbox 1533 1818 1653 1854; x_wconf 85' lang='lat' dir='ltr'>multis</span> <span class='ocrx_word' id='word_1_174' title='bbox 1688 1818 1852 1867; x_wconf 86' lang='lat' dir='ltr'>partibus</span> <span class='ocrx_word' id='word_1_175' title='bbox 1888 1817 2064 1865; x_wconf 83' lang='lat' dir='ltr'>neglecta</span> 
     </span>
     <span class='ocr_line' id='line_1_19' title="bbox 234 1891 2063 1963; baseline 0.001 -17"><span class='ocrx_word' id='word_1_176' title='bbox 234 1913 358 1957; x_wconf 71' lang='lat' dir='ltr'>jacet,</span> <span class='ocrx_word' id='word_1_177' title='bbox 412 1911 614 1949; x_wconf 85' lang='lat' dir='ltr'>animalium</span> <span class='ocrx_word' id='word_1_178' title='bbox 671 1913 763 1950; x_wconf 86' lang='lat' dir='ltr'>enim</span> <span class='ocrx_word' id='word_1_179' title='bbox 818 1891 1131 1951; x_wconf 84' lang='lat' dir='ltr'>evertebratorum</span> <span class='ocrx_word' id='word_1_180' title='bbox 1185 1914 1293 1963; x_wconf 87' lang='lat' dir='ltr'>pauci</span> <span class='ocrx_word' id='word_1_181' title='bbox 1348 1918 1482 1950; x_wconf 84' lang='lat' dir='ltr'>tantum</span> <span class='ocrx_word' id='word_1_182' title='bbox 1532 1911 1684 1950; x_wconf 84' lang='lat' dir='ltr'>ordines</span> <span class='ocrx_word' id='word_1_183' title='bbox 1734 1911 1854 1948; x_wconf 87' lang='lat' dir='ltr'>adhuc</span> <span class='ocrx_word' id='word_1_184' title='bbox 1908 1922 2063 1948; x_wconf 84' lang='lat' dir='ltr'>accura-</span> 
     </span>
     <span class='ocr_line' id='line_1_20' title="bbox 243 2005 2064 2058; baseline 0.002 -19"><span class='ocrx_word' id='word_1_185' title='bbox 243 2005 313 2040; x_wconf 76' lang='lat' dir='ltr'>tius</span> <span class='ocrx_word' id='word_1_186' title='bbox 367 2007 561 2054; x_wconf 83' lang='lat' dir='ltr'>perquisiti</span> <span class='ocrx_word' id='word_1_187' title='bbox 616 2013 701 2044; x_wconf 87' lang='lat' dir='ltr'>suut</span> <span class='ocrx_word' id='word_1_188' title='bbox 756 2014 793 2044; x_wconf 82' lang='lat' dir='ltr'>et</span> <span class='ocrx_word' id='word_1_189' title='bbox 833 2014 1030 2058; x_wconf 85' lang='lat' dir='ltr'>praeterea</span> <span class='ocrx_word' id='word_1_190' title='bbox 1081 2008 1292 2058; x_wconf 80' lang='lat' dir='ltr'>complures</span> <span class='ocrx_word' id='word_1_191' title='bbox 1333 2014 1418 2044; x_wconf 89' lang='lat' dir='ltr'>sunt</span> <span class='ocrx_word' id='word_1_192' title='bbox 1459 2007 1673 2057; x_wconf 87' lang='lat' dir='ltr'>provinciae</span> <span class='ocrx_word' id='word_1_193' title='bbox 1713 2006 1918 2055; x_wconf 71' lang='lat' dir='ltr'>regiones,</span> <span class='ocrx_word' id='word_1_194' title='bbox 1974 2018 2064 2053; x_wconf 81' lang='lat' dir='ltr'>quas</span> 
     </span>
     <span class='ocr_line' id='line_1_21' title="bbox 244 2100 2064 2152; baseline -0.001 -17"><span class='ocrx_word' id='word_1_195' title='bbox 244 2100 397 2148; x_wconf 69' lang='lat' dir='ltr'>zoologi</span> <span class='ocrx_word' id='word_1_196' title='bbox 450 2101 514 2137; x_wconf 86' lang='lat' dir='ltr'>vix</span> <span class='ocrx_word' id='word_1_197' title='bbox 569 2115 720 2151; x_wconf 85' lang='lat' dir='ltr'>unquam</span> <span class='ocrx_word' id='word_1_198' title='bbox 775 2103 952 2140; x_wconf 81' lang='lat' dir='ltr'>viserunt.</span> <span class='ocrx_word' id='word_1_199' title='bbox 1033 2104 1160 2151; x_wconf 87' lang='lat' dir='ltr'>ltaque</span> <span class='ocrx_word' id='word_1_200' title='bbox 1215 2116 1319 2152; x_wconf 89' lang='lat' dir='ltr'>quum</span> <span class='ocrx_word' id='word_1_201' title='bbox 1367 2109 1452 2139; x_wconf 84' lang='lat' dir='ltr'>ante</span> <span class='ocrx_word' id='word_1_202' title='bbox 1500 2102 1571 2139; x_wconf 86' lang='lat' dir='ltr'>hos</span> <span class='ocrx_word' id='word_1_203' title='bbox 1619 2107 1696 2138; x_wconf 85' lang='lat' dir='ltr'>tres</span> <span class='ocrx_word' id='word_1_204' title='bbox 1745 2113 1862 2137; x_wconf 84' lang='lat' dir='ltr'>annos</span> <span class='ocrx_word' id='word_1_205' title='bbox 1914 2101 1950 2136; x_wconf 91' lang='lat' dir='ltr'>in</span> <span class='ocrx_word' id='word_1_206' title='bbox 1997 2112 2064 2148; x_wconf 80' lang='lat' dir='ltr'>pa—</span> 
     </span>
     <span class='ocr_line' id='line_1_22' title="bbox 245 2194 2064 2247; baseline 0 -19"><span class='ocrx_word' id='word_1_207' title='bbox 245 2195 344 2229; x_wconf 73' lang='lat' dir='ltr'>triam</span> <span class='ocrx_word' id='word_1_208' title='bbox 387 2194 604 2241; x_wconf 73' lang='lat' dir='ltr'>rediissem,</span> <span class='ocrx_word' id='word_1_209' title='bbox 646 2203 813 2245; x_wconf 87' lang='lat' dir='ltr'>quantum</span> <span class='ocrx_word' id='word_1_210' title='bbox 861 2199 1036 2247; x_wconf 87' lang='lat' dir='ltr'>temporis</span> <span class='ocrx_word' id='word_1_211' title='bbox 1084 2198 1168 2234; x_wconf 83' lang='lat' dir='ltr'>mihi</span> <span class='ocrx_word' id='word_1_212' title='bbox 1215 2198 1376 2235; x_wconf 83' lang='lat' dir='ltr'>muneris</span> <span class='ocrx_word' id='word_1_213' title='bbox 1418 2196 1542 2234; x_wconf 86' lang='lat' dir='ltr'>officia</span> <span class='ocrx_word' id='word_1_214' title='bbox 1581 2195 1849 2244; x_wconf 85' lang='lat' dir='ltr'>relinquerent,</span> <span class='ocrx_word' id='word_1_215' title='bbox 1902 2195 1937 2230; x_wconf 91' lang='lat' dir='ltr'>in</span> <span class='ocrx_word' id='word_1_216' title='bbox 1984 2194 2064 2229; x_wconf 79' lang='lat' dir='ltr'>ani—</span> 
     </span>
     <span class='ocr_line' id='line_1_23' title="bbox 247 2289 2065 2342; baseline 0 -19"><span class='ocrx_word' id='word_1_217' title='bbox 247 2289 396 2325; x_wconf 73' lang='lat' dir='ltr'>malibus</span> <span class='ocrx_word' id='word_1_218' title='bbox 438 2289 627 2338; x_wconf 79' lang='lat' dir='ltr'>indigenis</span> <span class='ocrx_word' id='word_1_219' title='bbox 668 2291 945 2341; x_wconf 67' lang='lat' dir='ltr'>investigandis</span> <span class='ocrx_word' id='word_1_220' title='bbox 988 2298 1026 2328; x_wconf 83' lang='lat' dir='ltr'>et</span> <span class='ocrx_word' id='word_1_221' title='bbox 1065 2292 1324 2342; x_wconf 85' lang='lat' dir='ltr'>perquirendis</span> <span class='ocrx_word' id='word_1_222' title='bbox 1373 2291 1456 2328; x_wconf 88' lang='lat' dir='ltr'>mihi</span> <span class='ocrx_word' id='word_1_223' title='bbox 1498 2289 1784 2329; x_wconf 86' lang='lat' dir='ltr'>consumendum</span> <span class='ocrx_word' id='word_1_224' title='bbox 1825 2299 1917 2325; x_wconf 84' lang='lat' dir='ltr'>esse</span> <span class='ocrx_word' id='word_1_225' title='bbox 1958 2295 2065 2336; x_wconf 80' lang='lat' dir='ltr'>puta-</span> 
     </span>
    </p>
   </div>
   <div class='ocr_carea' id='block_1_8' title="bbox 246 2382 2064 2436">
    <p class='ocr_par' dir='ltr' id='par_1_8' title="bbox 246 2382 2064 2436">
     <span class='ocr_line' id='line_1_24' title="bbox 246 2382 2064 2436; baseline 0.001 -20"><span class='ocrx_word' id='word_1_226' title='bbox 246 2383 323 2417; x_wconf 76' lang='lat' dir='ltr'>bam</span> <span class='ocrx_word' id='word_1_227' title='bbox 366 2391 403 2419; x_wconf 72' lang='lat' dir='ltr'>et</span> <span class='ocrx_word' id='word_1_228' title='bbox 445 2384 732 2423; x_wconf 74' lang='lat' dir='ltr'>Crustaceorum</span> <span class='ocrx_word' id='word_1_229' title='bbox 788 2386 969 2431; x_wconf 80' lang='lat' dir='ltr'>ordinem,</span> <span class='ocrx_word' id='word_1_230' title='bbox 1026 2387 1083 2423; x_wconf 90' lang='lat' dir='ltr'>cui</span> <span class='ocrx_word' id='word_1_231' title='bbox 1124 2387 1271 2436; x_wconf 88' lang='lat' dir='ltr'>primum</span> <span class='ocrx_word' id='word_1_232' title='bbox 1314 2398 1460 2436; x_wconf 88' lang='lat' dir='ltr'>operam</span> <span class='ocrx_word' id='word_1_233' title='bbox 1506 2386 1648 2431; x_wconf 72' lang='lat' dir='ltr'>darem,</span> <span class='ocrx_word' id='word_1_234' title='bbox 1689 2384 1883 2433; x_wconf 82' lang='lat' dir='ltr'>eligebam.</span> <span class='ocrx_word' id='word_1_235' title='bbox 1944 2382 2064 2419; x_wconf 87' lang='lat' dir='ltr'>Nemo</span> 
     </span>
    </p>
   </div>
  </div>
 </body>
</html>
