2193 2832
989 142 1040 176 17

113 242 146 271 in
172 237 278 270 medio
312 236 409 268 dorso
443 235 509 265 sita
532 233 642 274 nigra,
677 243 696 264 e
730 240 792 272 qua
819 228 980 267 (animali
1002 227 1150 267 vivente)
1180 228 1264 260 duae
1295 229 1422 262 mediae
1446 231 1576 263 illarum
1599 232 1785 263 taeniarum
1810 233 1920 265 colore

112 289 187 321 albo
211 289 368 320 eminent.
412 285 603 327 Longitudo
628 284 683 322 1,2
706 281 766 314 lin.

232 339 308 371 Una
332 348 402 370 cum
427 337 536 376 specie
560 335 788 372 antecedente,
814 333 873 365 sed
896 331 1000 363 multo
1023 333 1129 364 rarius
1152 331 1238 364 hanc
1261 333 1406 373 speciem
1437 335 1560 374 reperi,
1585 342 1617 366 et
1640 337 1710 367 viro
1737 335 1922 367 clarissimo

114 399 146 422 et
170 390 411 422 humanissimo
454 388 494 420 A.
519 388 682 428 Menge,
716 386 771 426 qui
806 385 846 416 de
881 383 1082 416 animalibus
1116 385 1263 426 regionis
1289 383 1500 416 Gedanensis
1530 387 1769 428 cognoscendis
1799 389 1922 428 optimc

116 444 252 481 meruit,
276 442 419 473 dicatam
443 449 517 470 esse
540 437 652 469 velim.

454 538 750 581 Genus
802 534 1267 587 nigidium
1337 537 1566 576 BRANDT.

288 644 444 676 BRANDT,
473 645 647 675 Conspectus
666 645 683 668 1.
702 650 724 668 c.
745 650 771 673 p.
792 641 850 667 174.
872 656 900 661 —
939 642 1035 667 Genus
1053 641 1111 667 Ζὶα
1130 642 1236 668 KOCH.

222 697 381 736 Corporis
407 696 513 727 forma
537 693 712 732 animalia,
736 704 822 735 quae
845 693 961 734 generi
984 692 1119 733 Ligidio
1143 693 1310 732 adscripta
1333 700 1426 732 sunt,
1460 691 1639 724 Philosciis
1663 703 1727 723 non
1753 692 1928 724 dissimilia

118 755 203 779 sunt.
250 747 438 779 Processus
462 747 550 777 enim
574 745 733 776 laterales
759 750 791 775 et
814 743 962 775 thoracis
985 749 1018 773 et
1042 742 1226 775 abdominis
1239 744 1418 784 perbreves
1443 751 1520 775 sunt
1543 743 1751 775 etlateribus
1766 743 1928 784 adjacent.

116 799 160 838 Ii,
185 799 238 839 qui
262 799 302 830 ad
327 805 464 839 quatuor
488 798 673 828 anteriores
697 796 845 827 thoracis
869 793 1010 826 annulos
1035 796 1221 836 pertinent,
1256 795 1401 827 subrecti
1436 802 1513 826 sunt
1536 796 1586 826 vel
1612 796 1779 838 paululum
1803 799 1930 826 tantum

118 854 207 882 retro
230 851 330 883 versi.
376 849 548 881 Abdomen
574 849 709 879 thorace
733 848 793 878 vix
817 847 991 888 angustius
1017 852 1049 876 et
1073 847 1237 877 secundus
1263 850 1335 889 ejus
1360 847 1504 879 annulus
1529 849 1612 879 satis
1627 857 1764 889 magnus
1777 848 1930 886 utrinque

115 905 148 933 in
173 912 359 942 processum
383 901 552 932 lateralem
579 910 714 939 parvum
738 899 818 930 abit.
841 915 883 920 ——
929 897 1111 928 Processus
1142 899 1305 930 frontales
1335 910 1400 930 non
1430 901 1648 938 reperiuntur.
1703 901 1930 931 Antennarum

118 954 326 985 exteriorum
352 960 420 983 tres
445 953 542 991 primi
566 951 698 982 articuli
722 949 901 991 perbreves
926 955 959 979 et
983 948 1159 989 cylindrici
1193 958 1226 980 et
1248 950 1464 992 ¹longitudine
1494 951 1582 981 inter
1606 961 1642 982 se
1667 951 1737 982 fere
1763 950 1932 991 aequales;

117 1004 284 1045 flagellum
309 1005 420 1036 decem
445 1001 655 1044 (vigintiveZ)
680 1001 833 1034 articulis
858 1002 1093 1040 compositum,
1119 1011 1255 1041 quorum
1279 1002 1415 1033 ultimus
1439 1003 1577 1033 conicus
1602 1009 1652 1033 est
1676 1009 1725 1043 et,
1749 1006 1787 1033 ut
1805 1003 1933 1044 magni-

118 1056 234 1086 tudine
259 1062 354 1086 aucta
378 1055 602 1095 conspicitur,
626 1055 659 1084 in
684 1063 874 1093 processum
899 1052 1122 1093 styliformem
1147 1053 1203 1084 vel
1227 1060 1394 1085 setaceum
1421 1054 1499 1085 abit.
1545 1054 1722 1086 Antennae
1745 1055 1933 1091 interiores,

117 1116 312 1147 quamquam
338 1117 355 1136 e
379 1105 504 1137 duobus
530 1109 657 1136 tantum
682 1106 831 1136 articulis
856 1110 1029 1142 constant,
1064 1107 1209 1145 maj0res
1233 1115 1332 1146 quam
1362 1107 1396 1136 in
1420 1105 1580 1137 affinibus
1611 1106 1804 1147 generibus,
1839 1106 1934 1146 apice

118 1156 343 1196 compluribus
367 1158 450 1187 setis
473 1158 629 1187 instructi
653 1159 686 1187 et
709 1156 917 1197 longitudine
941 1154 1069 1187 duobus
1093 1157 1209 1195 primis
1233 1159 1438 1188 exteriorum
1463 1164 1680 1190 antennarum
1706 1157 1856 1188 articulis
1881 1166 1935 1186 ae-

117 1207 230 1247 quales
254 1214 341 1239 sunt.
386 1208 493 1239 Pedes
518 1209 621 1247 spurii
644 1208 733 1238 sexti
756 1208 848 1245 paris
872 1206 1077 1248 marginibus
1102 1208 1237 1238 articuli
1261 1207 1372 1239 ultimi
1395 1207 1585 1240 abdominis
1609 1209 1730 1240 inserti
1744 1211 1833 1247 sunt,
1857 1207 1936 1238 toti-

118 1270 178 1299 que
202 1259 399 1300 prominent.
445 1259 615 1290 Articulus
638 1257 764 1289 basalis
788 1269 806 1290 e
829 1258 903 1290 basi
926 1265 1066 1299 angusta
1090 1260 1131 1290 ad
1155 1260 1281 1298 apicem
1304 1269 1421 1291 versus
1447 1259 1604 1291 dilatatur
1628 1266 1660 1290 et
1683 1261 1717 1290 in
1742 1263 1836 1298 parte
1849 1269 1936 1291 mar·
1968 1299 1969 1302 Ἰ

115 1310 206 1352 ginis
228 1311 349 1350 postici
372 1311 533 1342 interiore
557 1311 592 1341 in
614 1320 807 1350 processum
831 1309 1034 1341 subteretem
1060 1313 1093 1342 et
1107 1310 1276 1352 paululum
1300 1317 1469 1343 curvatum
1494 1312 1580 1351 abit,
1604 1312 1654 1342 cui
1679 1310 1839 1342 articulus
1853 1310 1937 1341 sina-

116 1360 159 1392 lis
184 1362 324 1393 interior
347 1362 496 1393 insertus
520 1364 580 1394 est.
637 1361 757 1404 Margo
791 1364 938 1393 exterior
971 1362 1107 1394 articuli
1142 1361 1266 1393 basalis
1301 1363 1336 1393 in
1370 1363 1532 1394 inferiore
1566 1365 1638 1404 ejus
1667 1366 1762 1402 parte
1791 1363 1937 1394 crassior

116 1412 223 1443 faetus
248 1414 386 1444 cristam
411 1414 655 1454 prominentem
680 1417 715 1444 et
739 1414 834 1453 spina.
856 1415 1056 1446 instructam
1080 1413 1223 1456 effingit.
1271 1413 1440 1445 Articulus
1470 1413 1583 1446 finalis
1614 1415 1780 1452 exterior,
1816 1415 1936 1456 angulo

117 1463 249 1495 articuli
273 1465 398 1495 basalis
423 1467 563 1495 externo
586 1475 648 1495 nec
672 1464 873 1506 prolongato
898 1464 1038 1503 affixus,
1064 1465 1269 1507 styliformis
1294 1471 1326 1495 et
1350 1466 1383 1496 in
1408 1466 1501 1506 apice
1525 1469 1599 1497 seta
1622 1477 1726 1508 parva
1750 1473 1782 1497 et
1805 1467 1865 1497 vix
1888 1466 1937 1496 vi-

117 1514 207 1545 sibili
237 1516 421 1547 instructus
457 1522 526 1554 est3
562 1516 705 1547 interior
738 1518 911 1556 processui
940 1517 1109 1558 descripto
1143 1518 1293 1548 insertus
1318 1516 1533 1558 styliformis,
1568 1519 1662 1559 apice
1685 1517 1837 1559 longiore
1865 1521 1937 1548 seta

118 1567 238 1601 donato
261 1566 326 1603 (cf.
352 1566 506 1598 Brandt
536 1566 558 1598 l.
583 1578 612 1599 c.
637 1567 683 1599 tb.
707 1567 770 1600 IV.
794 1568 926 1610 fig.12.
952 1575 985 1599 et
1008 1567 1139 1599 Milne
1164 1569 1360 1600 Edwards
1383 1568 1404 1601 l.
1429 1579 1454 1602 c.
1478 1568 1522 1607 pl.
1547 1569 1597 1601 33.
1622 1569 1678 1611 fig.
1704 1571 1770 1610 17„
1806 1570 1840 1600 in
1869 1570 1937 1609 qui-

117 1619 177 1649 bus
201 1617 318 1660 figuris
341 1618 399 1650 ille
423 1629 616 1659 processus,
640 1620 696 1651 cui
720 1619 883 1652 articulus
907 1619 1020 1651 finalis
1045 1622 1195 1653 exterior
1217 1622 1364 1652 insertus
1388 1627 1454 1658 est,
1480 1622 1580 1653 nimis
1602 1620 1722 1663 longus
1747 1620 1821 1660 est).

239 1669 499 1702 illustrissimus
523 1670 656 1711 Koch,
682 1672 778 1704 novis
802 1673 989 1704 nominibus
1014 1674 1112 1704 nimis
1131 1672 1264 1714 largus,
1288 1672 1366 1704 huic
1378 1673 1495 1714 generi
1519 1683 1640 1704 nomen
1664 1673 1747 1705 Ziae
1769 1672 1935 1711 imposuit.

654 1769 864 1803 nigidium
900 1770 1123 1799 Pel-somnii
1140 1770 1196 1805 (ἓ)
1222 1773 1273 1797 BR
1281 1773 1303 1797 A
1310 1773 1335 1798 N
1342 1773 1364 1797 D
1371 1773 1401 1797 Τ.

323 1839 462 1870 Brandt,
489 1839 663 1870 Conspectus
690 1841 708 1864 1.
735 1847 758 1864 c.
785 1848 811 1871 p.
831 1840 889 1866 174.
916 1853 951 1859 -
1003 1841 1096 1874 Lygia
1121 1840 1264 1874 hypnorum
1290 1843 1380 1866 Latr.
1398 1852 1432 1857 —-
1495 1839 1608 1865 Oniscus
1635 1838 1776 1873 hypnorum
1805 1838 1883 1864 Cuv.
1903 1850 1936 1856 -·

119 1881 232 1907 Oniscus
251 1879 339 1913 agilis
357 1883 518 1908 Persoou.
540 1897 568 1901 —
606 1881 663 1907 Zia
681 1882 895 1915 melanoceplzala
912 1886 1018 1917 Koch,
1036 1886 1240 1911 Deutscblands
1258 1885 1441 1917 erustaceen,
1459 1886 1530 1910 fasc.
1548 1883 1589 1909 22.
1613 1885 1660 1916 fig.
1678 1882 1719 1909 18.

237 1932 413 1964 Antennae
436 1935 581 1974 rejectae
605 1936 760 1973 quartum
783 1934 852 1966 fere
876 1934 1022 1966 thoracis
1047 1935 1205 1966 annulum
1231 1936 1419 1978 attingunt3
1450 1934 1618 1976 flagellum
1644 1946 1687 1965 ex
1710 1935 1825 1965 decem
1849 1934 1931 1964 arti-

120 1983 203 2014 culis
228 1990 368 2016 constat.
415 1983 516 2015 Oculi
540 1986 712 2027 permagni
736 1991 770 2016 et
791 1986 825 2016 in
849 1985 1012 2018 lateribus
1037 1988 1155 2026 capitis
1181 1988 1247 2018 siti.
1306 1986 1450 2019 Ultimus
1480 1987 1665 2018 abdominis
1695 1985 1838 2017 annulus
1861 1995 1933 2024 per-

121 2034 249 2071 brevis,
273 2034 482 2077 longitudine
506 2035 577 2067 fere
601 2040 753 2077 quartam
778 2041 904 2068 tantum
928 2046 1053 2078 partem
1077 2038 1267 2070 latitudinis
1291 2041 1476 2080 aequante,
1500 2039 1649 2079 margine
1673 2038 1858 2078 posteriore
1883 2047 1934 2067 ro-

121 2087 272 2119 tundato.
316 2086 356 2117 In
379 2086 522 2129 pedibus
548 2089 671 2126 spuriis
695 2099 871 2128 processus
895 2090 1029 2121 conicus
1054 2089 1186 2122 articuli
1210 2088 1335 2121 basalis
1359 2089 1502 2129 reliquae
1528 2091 1600 2130 ejus
1624 2089 1710 2129 parti
1728 2087 1935 2130 longitudine

120 2136 347 2179 subaequalis.
394 2138 474 2170 Seta
499 2138 631 2170 articuli
654 2138 768 2171 finalis
792 2142 961 2172 interioris
984 2140 1102 2183 longa,
1125 2141 1301 2173 articulum
1326 2142 1528 2174 exteriorem
1554 2152 1656 2180 paene
1671 2140 1769 2180 duplo
1793 2145 1933 2179 superat.

239 2188 438 2228 Superficies
464 2189 578 2222 laevis.
639 2191 746 2232 Caput
770 2193 917 2234 nigrum,
953 2191 1079 2232 reliqua
1105 2194 1253 2232 corporis
1277 2203 1353 2234 pars
1378 2192 1583 2231 flavescens,
1609 2191 1749 2223 maculis
1773 2191 1878 2231 nigris
1902 2197 1934 2221 et

123 2241 231 2277 parvis
256 2247 289 2271 et
311 2241 405 2271 varie
429 2242 516 2273 inter
540 2252 576 2273 se
600 2244 785 2284 conjunctis
809 2255 1007 2286 conspersa,
1042 2255 1124 2284 quae
1159 2246 1195 2275 in
1230 2254 1446 2286 processuum
1473 2243 1661 2275 lateralium
1690 2243 1934 2274 thoracicorum

124 2291 194 2321 basi
217 2292 374 2333 utrinque
398 2294 513 2324 striam
538 2297 751 2334 componunt.
798 2294 949 2327 Medium
974 2297 1105 2328 dorsum
1130 2296 1276 2327 thoracis
1299 2302 1333 2326 et
1356 2295 1541 2327 abdominis
1566 2296 1754 2337 nigricanS,
1784 2293 1844 2325 sed
1869 2303 1932 2324 non

126 2342 224 2373 certis
247 2341 370 2374 finibus
395 2354 413 2374 a
437 2343 598 2376 lateribus
622 2347 843 2378 terminatum.
888 2347 1079 2389 Longitudo
1103 2348 1122 2380 3
1145 2347 1203 2380 lin.

239 2393 278 2424 In
302 2393 469 2434 lapidibus
494 2398 556 2428 sub
581 2407 692 2428 musco
715 2398 823 2438 reperi
847 2398 882 2429 in
906 2397 1111 2430 Kleinheitle
1133 2409 1236 2440 prope
1259 2397 1530 2440 Regiomontum.
1829 2404 2001 2424 f*
