2193 2832
966 121 1020 156 2⁷

609 209 904 255 Genus
955 206 1385 259 Lynceus.

208 319 322 350 Genus
344 316 522 358 Lynceus,
545 326 564 346 a
587 313 765 346 Miillero
788 313 948 352 positum,
972 311 1130 343 animalia
1152 310 1344 352 plerumque
1367 322 1532 353 perparva
1555 312 1796 354 complectitur,
1819 323 1901 353 quae

94 371 257 403 communi
287 368 415 408 quidem
444 367 591 408 corporis
620 369 786 397 structura
809 363 979 405 Daphniis
1009 369 1088 394 sunt
1111 362 1253 401 similia,
1280 365 1458 402 praecipue
1482 370 1592 394 autem
1616 363 1901 406 cephalothoracis

93 429 126 453 et
151 428 369 453 antennarum
395 426 427 450 et
451 419 568 459 pedum
594 420 627 448 et
651 416 848 460 digestionis
873 425 1071 456 organorum
1096 415 1343 446 constructione
1367 413 1408 445 ab
1432 415 1473 445 iis
1498 414 1667 448 differunt.

206 472 244 503 In
268 471 415 512 Lynceis
439 475 526 500 testa
550 469 583 498 in
607 475 743 507 utroque
767 466 1053 508 cephalothoracis
1076 466 1182 497 latere
1207 467 1397 508 prominens
1422 466 1556 496 cristam
1581 466 1724 498 similem
1748 468 1844 506 atque
1866 466 1901 496 in

94 523 260 566 Daphniis
289 523 348 554 sed
377 520 479 552 multo
509 521 609 551 etiam
633 520 792 559 majorem
817 524 849 549 et
872 518 1022 549 latiorem
1048 518 1229 556 componit,
1259 528 1340 557 quae
1363 517 1502 548 fornicis
1527 517 1621 548 modo
1645 524 1809 548 antennas
1832 527 1901 548 ma-

88 578 182 617 j0res
207 573 342 615 obtegit.
389 573 479 603 Hinc
502 579 611 602 autem
635 580 809 612 progressa
832 580 899 601 non
921 574 959 601 ut
979 569 1014 600 in
1038 568 1098 601 illo
1121 580 1243 610 genere
1267 570 1302 600 in
1326 569 1493 600 anteriore
1517 567 1799 607 cephalothoracis
1817 568 1902 599 facie

93 627 302 664 terminatur,
332 624 389 654 sed
420 623 553 665 oblique
583 629 615 653 et
645 632 723 653 arcu
745 621 950 653 descendens
975 621 1101 660 apicem
1125 621 1321 652 anteriorem
1346 626 1378 650 et
1401 620 1591 650 inferiorem
1616 619 1901 660 cephalothoracis

93 682 229 719 superat
258 682 290 706 et
318 675 352 706 in
382 682 525 705 rostrum
555 674 733 712 proniinet3
754 673 854 712 ,unde
883 667 1045 712 sequitur,
1079 678 1114 702 ut
1142 682 1276 711 prorsus
1306 671 1457 703 diversae
1486 671 1553 701 sint
1583 681 1641 701 eae
1668 677 1796 712 partes,
1819 681 1901 710 quae

93 736 199 761 rostra
222 734 384 759 vocantur
406 728 441 757 in
465 726 614 768 Lynceis
639 732 671 756 et
694 726 728 756 in
753 724 930 764 Daphniis.
965 723 1043 762 Qua
1066 729 1173 754 testae
1197 723 1441 754 constructione
1464 722 1514 761 fit,
1538 728 1572 753 ut
1595 722 1734 752 inferior
1747 720 1901 763 cephalo-

94 780 241 813 thoracis
266 789 363 820 pars,
396 788 477 817 quae
501 783 641 819 angusta
665 780 698 808 et
721 787 740 807 a
762 775 922 807 lateribus
947 785 1134 815 compressa
1157 780 1223 814 est,
1255 784 1385 813 semper
1409 774 1579 815 superiore
1602 772 1705 804 multo
1728 772 1835 803 minor
1857 773 1903 803 sit

93 835 125 864 et
148 831 313 862 interdurn
336 836 444 861 rostro
468 836 500 859 et
523 829 649 860 fornice
673 828 806 859 omnino
831 827 961 859 obtecta
985 838 1026 858 ne
1049 827 1084 861 in
1109 832 1319 867 conspectum
1344 826 1475 866 quidem
1499 826 1621 857 veniat.
1657 823 1784 856 Oculus
1802 824 1902 865 igitur

93 892 158 913 non
187 883 222 914 in
251 881 313 912 hac
339 881 498 912 inferiore
527 880 583 912 sed
607 880 642 910 in
667 880 840 921 superiore
863 885 956 921 parte
980 889 1082 923 prope
1105 890 1124 910 a
1147 878 1297 919 margine
1319 867 1486 908 anteriore
1511 877 1593 908 situs
1618 883 1651 908 et
1674 877 1782 907 minor
1805 885 1901 915 quam

92 936 126 965 in
150 932 317 974 Daphniis
342 940 403 963 est.
439 931 503 962 Illa
527 942 604 962 vero
628 930 757 963 macula
780 932 888 973 nigra,
912 941 995 971 quae
1018 931 1053 961 in
1077 929 1244 971 Daphniis
1268 935 1343 970 post
1367 927 1498 960 oculum
1518 929 1583 959 sita
1596 927 1789 969 plerumque
1801 937 1903 968 parva

93 984 321 1024 interdumque
345 985 407 1015 vix
437 982 580 1015 visibilis
609 990 676 1022 est,
705 984 741 1014 in
763 983 911 1024 Lynceis
941 993 1073 1023 semper
1102 980 1162 1012 sub
1192 979 1288 1012 oculo
1317 990 1378 1011 nec
1406 980 1520 1021 procul
1545 990 1564 1010 a
1587 978 1660 1011 basi
1683 985 1903 1010 antennarum

92 1036 254 1068 minorum
281 1036 346 1067 sita
371 1042 422 1067 est
447 1043 478 1066 et
501 1035 666 1066 interdum
692 1034 820 1066 oculum
844 1034 1072 1076 magnitudine
1097 1039 1224 1073 aequat.
1258 1032 1435 1066 Antennae
1459 1032 1616 1070 minores,
1629 1037 1664 1061 ut
1677 1031 1710 1062 in
1724 1028 1900 1072 generibus

90 1086 269 1128 affinibus,
300 1099 344 1118 ex
367 1098 434 1118 uno
459 1094 586 1118 tantum
611 1087 752 1131 articulo
772 1092 932 1119 ,constant
955 1093 988 1117 et
1011 1091 1087 1127 post
1108 1084 1251 1116 rostrum
1276 1082 1563 1124 cephalothoracis
1587 1082 1728 1123 margini
1750 1080 1903 1112 inferiori

94 1142 239 1171 insertae
274 1145 360 1173 sunt.
406 1139 556 1180 Majores
591 1146 701 1170 autem
737 1144 905 1175 antennae
934 1148 1057 1178 parvae
1086 1143 1118 1168 et
1147 1135 1274 1166 debiles
1302 1141 1394 1173 sunt,
1428 1134 1636 1176 longitudine
1665 1133 1831 1165 interdum
1861 1142 1902 1162 ne

94 1197 236 1222 rostrum
262 1183 392 1230 quidem
418 1197 577 1232 superant
600 1197 633 1221 et
657 1189 795 1222 animali
819 1190 1011 1230 quiescente
1034 1189 1095 1219 sub
1119 1191 1240 1219 testam
1264 1186 1484 1217 retrahuntur.
1530 1185 1683 1217 Incisura
1707 1186 1807 1216 etiam
1830 1184 1904 1223 ipsa

94 1245 202 1274 testae
225 1240 369 1274 valvulis
393 1250 426 1274 et
451 1242 717 1284 cephalothoraci
739 1242 932 1284 interjecta,
962 1251 1005 1273 ex
1029 1251 1091 1281 qua
1113 1239 1175 1271 hae
1199 1241 1382 1277 antennae,
1406 1239 1435 1268 si
1459 1241 1647 1276 moventur,
1670 1237 1903 1278 projiciuntur,

94 1293 195 1335 longa
228 1293 361 1335 quidem
396 1300 429 1324 et
465 1294 630 1326 interdum
664 1295 810 1332 sinuata,
844 1293 903 1323 sed
936 1298 1033 1323 acuta
1067 1298 1100 1322 et
1134 1291 1372 1333 angustissima
1407 1295 1468 1322 est.
1512 1289 1690 1320 Antennae
1723 1294 1845 1327 autem,
1869 1293 1905 1318 ut

94 1346 130 1376 in
153 1344 286 1388 Lynceo
315 1346 482 1387 trigonello
511 1346 598 1384 vidi,
632 1345 673 1376 ab
694 1345 821 1376 -iisdem
845 1336 1254 1385 Daphniarumpartibus
1284 1341 1420 1374 nonnisi
1447 1347 1594 1372 setarum
1622 1339 1844 1382 dispositione
1873 1343 1906 1369 et

97 1403 260 1427 structura
289 1397 498 1439 discrepant.
544 1396 698 1428 Truncus
726 1396 807 1427 duos
836 1394 936 1426 habet
959 1394 1131 1434 articulos,
1162 1394 1302 1425 alterum
1327 1390 1529 1432 breviorem,
1557 1391 1698 1424 alterum
1721 1390 1906 1432 longiorem

97 1454 131 1479 et
154 1449 194 1479 ad
218 1449 432 1488 excipiendos
455 1458 564 1479 ramos
590 1448 683 1488 apice
706 1445 953 1489 triangularem.
1000 1446 1178 1478 Ramorum
1203 1445 1348 1476 anterior
1372 1445 1442 1476 sive
1464 1445 1603 1475 interior
1626 1454 1643 1474 e
1668 1449 1806 1482 quatuor
1828 1433 1906 1472 arti-

98 1498 183 1531 culis
212 1507 359 1539 constat‚
394 1511 531 1539 quorum
560 1501 688 1542 primus
717 1498 907 1541 perbrevis,
943 1499 1105 1530 secundus
1135 1498 1280 1528 omnium
1311 1502 1364 1527 est
1392 1496 1622 1537 longissimus,
1652 1494 1772 1525 tertius
1797 1499 1906 1524 autem

98 1562 201 1592 parva
225 1559 313 1591 seta,
343 1551 477 1582 ultimus
502 1552 642 1592 denique
666 1551 793 1583 duabus
817 1552 899 1582 setis
923 1557 956 1582 et
977 1561 1044 1581 uno
1069 1550 1137 1591 pilo
1160 1550 1194 1580 in
1219 1550 1314 1590 apice
1338 1554 1390 1579 est
1412 1549 1603 1578 instructus.
1649 1546 1775 1577 Ramus
1798 1551 1907 1585 poste-

98 1604 167 1634 rior
190 1604 261 1633 sive
286 1603 432 1634 exterior
456 1601 560 1634 tribus
584 1604 748 1643 articulis,
773 1613 908 1643 quorum
933 1602 1046 1632 ultimo
1070 1608 1138 1632 tres
1163 1607 1256 1631 setae
1278 1600 1398 1641 longae
1422 1600 1569 1630 insertae
1594 1604 1681 1637 sunt,
1706 1597 1907 1639 compositus

100 1662 159 1687 est.
206 1653 304 1685 Setae
329 1664 444 1684 omnes
467 1654 577 1685 medio
601 1655 732 1696 quidem
755 1653 964 1693 articulatae,
989 1663 1053 1684 non
1077 1663 1155 1683 vero
1180 1653 1338 1694 pinnatae
1362 1657 1448 1682 sunt.

214 1704 296 1736 Oris
320 1707 460 1745 partium
486 1706 667 1747 pedumque
692 1706 891 1737 constructio
915 1705 1059 1735 nondum
1084 1705 1166 1734 satis
1191 1710 1340 1735 accurate
1364 1714 1383 1733 a
1407 1712 1458 1732 me
1492 1701 1674 1742 perquisita
1707 1707 1770 1732 est.
1825 1698 1908 1730 Illae

101 1758 230 1798 quidem
259 1757 390 1796 eadem,
420 1768 481 1797 qua
505 1759 539 1788 in
567 1758 731 1799 Daphniis
755 1761 921 1789 structura
944 1766 1019 1787 esse
1042 1755 1206 1786 videntur.
1253 1755 1358 1786 Pedes
1383 1760 1503 1790 autem,
1528 1763 1663 1792 quorum
1688 1758 1831 1793 quatuor
1854 1756 1910 1781 aut

102 1810 245 1850 quinque
269 1815 345 1839 sunt
369 1809 474 1849 paria,
500 1808 539 1839 ab
564 1809 681 1841 iisdem
707 1809 859 1850 partibus
882 1808 974 1840 illius
998 1808 1129 1849 generis
1153 1807 1251 1848 longe
1275 1807 1481 1848 discrepare,
1504 1806 1539 1836 in
1564 1806 1606 1835 iis
1631 1804 1818 1845 speciebus,
1832 1812 1909 1842 qua-

101 1870 173 1891 rum
196 1865 283 1889 testa
306 1861 388 1890 satis
413 1859 578 1900 pellucida
602 1867 668 1899 est,
689 1862 759 1901 jam
782 1861 886 1900 primo
910 1866 1089 1900 conspectu
1114 1857 1260 1898 intelligi
1284 1851 1412 1898 potestf
1452 1856 1645 1889 Latioribus
1669 1856 1758 1886 enim
1782 1860 1816 1885 et
1838 1853 1911 1885 bre-

103 1910 251 1943 vioribus
274 1909 410 1941 laminis
434 1912 609 1952 compositi
633 1922 707 1942 esse
731 1923 770 1943 ac
791 1912 902 1943 minus
926 1912 1014 1942 inter
1037 1921 1073 1941 se
1096 1910 1220 1940 distare
1245 1909 1406 1941 videntur.

217 1961 400 2002 Impressio
423 1964 596 2004 quaedam,
621 1963 888 2005 cephalotboraci
912 1969 945 1994 et
968 1961 1110 1994 valvulis
1133 1962 1322 2002 interjecta,
1347 1962 1382 1991 in
1397 1967 1491 2002 tergo
1514 1960 1705 2001 plerumque
1728 1967 1794 1988 non
1817 1967 1912 1997 repe-

107 2015 197 2044 ritur.
241 2012 406 2044 Valvulae
428 2015 525 2055 ipsae
549 2025 751 2057 permagnae
775 2021 862 2047 sunt.
906 2015 1088 2046 Processus
1113 2014 1153 2044 ad
1176 2023 1238 2043 ova
1261 2013 1434 2043 retinenda
1456 2013 1490 2042 in
1515 2018 1606 2052 tergo
1630 2008 1817 2040 abdominis
1841 2008 1913 2049 ple-

107 2075 241 2104 rumque
264 2074 331 2095 nou
354 2066 580 2097 inveniuntur.
627 2065 775 2098 Ultimus
799 2065 987 2097 abdominis
1012 2064 1171 2097 articulus
1196 2075 1215 2095 a
1239 2064 1421 2105 penultimo
1445 2074 1574 2103 semper
1596 2062 1741 2093 incisura
1764 2059 1915 2100 quadam,

107 2117 158 2147 cui
181 2116 265 2146 duae
290 2119 380 2146 setae
404 2118 552 2148 insertae
576 2124 667 2155 sunt,
697 2118 883 2158 disjunctus
908 2124 941 2148 et
962 2124 998 2148 ut
1022 2118 1057 2147 in
1081 2115 1248 2157 Daphniis
1271 2116 1435 2155 inflexus,
1464 2113 1629 2157 unguibus
1652 2112 1778 2144 duobus
1803 2110 1914 2141 termi-

109 2174 216 2199 natur.
252 2165 355 2197 Varia
379 2169 451 2208 ejus
472 2169 506 2199 in
531 2170 636 2200 variis
661 2168 834 2210 speciebus
858 2170 966 2201 forma
989 2169 1029 2199 ad
1053 2168 1112 2199 has
1136 2169 1224 2199 inter
1248 2178 1284 2198 se
1306 2168 1558 2209 distinguendas
1582 2166 1706 2208 optime
1731 2161 1915 2194 adhibetur.

111 2217 199 2249 Inter
229 2229 352 2260 organa
382 2221 534 2261 corporis
557 2222 690 2252 interna
713 2222 912 2252 intestinum
937 2232 957 2251 a
981 2219 1080 2250 solita
1102 2230 1260 2262 generum
1285 2219 1436 2250 affinium
1460 2218 1586 2250 fabrica
1609 2229 1647 2248 eo
1671 2215 1795 2252 differt,
1819 2213 1916 2253 quod,

110 2270 298 2309 priusquam
328 2269 462 2302 ultimos
492 2268 680 2314 aggreditur
709 2272 896 2303 abdominis
926 2271 1101 2308 articulos,
1137 2271 1228 2302 orbis
1256 2271 1362 2301 instar
1385 2271 1509 2302 flexum
1533 2277 1594 2302 est.
1640 2268 1715 2299 Ova
1738 2265 1917 2299 interdum,

112 2321 263 2351 animalis
287 2323 448 2361 parvitate
473 2330 645 2364 respecta,
670 2324 898 2365 magnitudine
922 2330 1114 2365 praestant,
1140 2330 1193 2360 et,
1219 2330 1254 2353 ut
1273 2324 1343 2363 jam
1367 2323 1555 2355 observavit
1578 2318 1743 2355 Miiller,
1778 2316 1856 2348 aliis
1882 2315 1915 2345 in

112 2372 282 2411 speciebus
306 2374 369 2405 duo
394 2384 455 2406 ova
480 2376 621 2416 majora,
644 2376 679 2406 in
702 2375 781 2407 aliis
806 2374 900 2417 plura
923 2386 962 2406 ac
985 2377 1115 2418 minora
1138 2375 1356 2416 reperiuntur.

1617 2425 1660 2454 42
