2193 2832
1149 141 1202 176 14

265 234 401 266 ultimus
432 231 592 266 articulus
621 229 804 271 penultimo
833 228 935 272 duplo
964 228 1094 272 longior
1117 235 1168 261 est
1191 235 1224 260 et
1247 230 1341 271 apice
1363 230 1398 261 in
1422 239 1610 269 processum
1634 231 1855 272 styliformem
1878 238 1912 264 et
1934 231 2080 266 albidum

265 286 343 322 abit,
368 292 514 317 ceterum
538 290 758 315 antennarum
783 282 917 315 articuli
942 289 1008 313 tres
1033 282 1143 314 ultimi
1167 282 1304 320 spinosi.

381 337 512 378 Corpus
537 335 728 377 elongatum
754 341 787 366 et
810 340 876 366 tam
902 344 1108 372 convexum,
1143 339 1178 363 ut
1202 332 1344 364 altitudo
1371 331 1582 364 latitudinem
1607 340 1728 374 aequet
1751 338 1784 366 et
1807 336 1974 377 margines
1998 336 2082 368 late·

265 389 353 421 rales
383 388 547 419 interdum
580 386 699 418 inflexi
729 387 808 417 sint.
867 385 1047 416 processus
1076 383 1235 416 laterales
1264 384 1388 425 cinguli
1419 384 1578 415 thoracici
1609 386 1763 422 secundi,
1794 388 1884 419 tertii
1915 394 1948 418 et
1976 389 2083 428 quarti

266 441 399 482 angusti
423 446 456 470 et
481 438 666 477 retroflexi‚
691 436 896 480 marginibus
921 436 1144 468 anterioribus
1169 443 1201 467 et
1225 436 1437 468 inferioribus
1463 436 1664 472 rotundatis;
1688 447 1863 476 processus
1890 441 1988 470 trium
2006 439 2085 471 ulti-

265 504 391 524 morum
422 490 622 523 annulorum
651 489 790 521 latiores
820 495 854 520 et
883 488 1039 520 subrecti.
1087 489 1272 519 Processus
1296 487 1459 519 laterales
1485 487 1689 529 cingulorum
1714 488 1971 521 abdominalium
1995 498 2084 522 retro

264 547 298 576 in
329 544 485 586 angulum
516 551 646 574 acutum
677 542 879 583 prominent,
910 539 1037 587 cinguli
1066 541 1172 580 quinti
1196 550 1371 580 processus
1396 539 1543 579 apicibus
1567 541 1666 571 etiam
1691 540 1840 571 inflexis.
1886 541 2084 574 Abdominis

264 595 401 627 ultimus
431 594 591 627 articulus
622 594 848 630 acuminatus,
884 602 983 631 supra
1006 601 1199 630 convexus,
1235 602 1300 623 non
1325 591 1490 631 sulcatus,
1525 591 1737 634 longitudine
1760 591 1935 631 penultimi
1957 594 2086 636 cinguli

264 657 440 687 processus
464 645 623 678 laterales
648 646 706 675 vix
730 650 876 685 superat.
924 644 1053 675 Pedum
1077 644 1264 684 spuriorum
1289 643 1450 675 articulus
1474 643 1616 680 basalis,
1647 650 1780 675 sextum
1803 643 1990 676 abdomini:
2013 647 2085 677 cin-

265 699 377 741 gulum
410 698 619 740 longitudine
642 696 714 727 fere
737 697 939 736 inaequans,
975 696 1117 734 spatium
1142 695 1219 726 huic
1242 701 1274 726 et
1298 696 1479 733 penultimo
1505 695 1636 737 cingulo
1661 697 1872 736 interjectum
1896 707 2001 736 paene
2025 707 2086 728 ex·

265 751 353 791 plet3
389 749 548 781 articulus
572 747 686 779 finalis
711 754 873 779 externus
896 753 1056 789 angustus
1081 750 1113 778 et
1135 745 1362 786 lanceolatus,
1384 747 1536 778 internus
1560 746 1677 779 annuli
1700 746 1808 778 ultimi
1832 748 1961 788 apicem
1987 747 2087 789 paulo

265 813 438 843 superans-

381 851 581 892 Super-ficies
613 852 714 882 totius
744 851 890 890 corporis
918 850 1026 881 laevis
1056 856 1089 880 et
1118 849 1235 881 nitida.
1283 847 1384 880 Color
1412 848 1598 889 brunneus3
1633 856 1730 889 caput
1754 857 1787 880 et
1811 849 1957 882 thoracis
1979 850 2087 883 latera

265 904 404 936 maculis
430 904 587 943 striisque
612 902 698 934 albis
723 909 801 933 sunt
825 906 956 943 notata,
987 912 1074 944 quae
1098 902 1133 932 in
1156 902 1260 940 primo
1285 900 1431 931 thoracis
1455 900 1590 942 cingulo
1614 912 1719 941 paene
1741 903 1775 933 in
1801 913 1899 933 unam
1924 901 2086 934 maculam

265 956 450 994 confluunt,
485 957 519 986 in
549 956 675 987 ceteris
706 965 843 985 numero
877 957 912 986 et
940 953 1169 995 magnitudine
1187 952 1438 995 diminuuntur.
1484 952 1522 983 In
1551 952 1626 984 basi
1655 964 1871 993 processuum
1900 954 2088 986 lateralium

265 1008 413 1040 maculae
443 1006 578 1038 albidae
610 1007 696 1037 sitae
724 1012 819 1045 sunt,
850 1004 970 1047 quibus
998 1006 1033 1035 in
1062 1010 1199 1042 utroque
1227 1003 1331 1036 latere
1354 1003 1443 1035 linea
1466 1004 1650 1044 interrupta
1675 1007 1897 1045 componitur,
1921 1006 2088 1048 margines

265 1070 394 1101 quoque
418 1059 596 1091 inferiores
622 1068 837 1099 processuum
861 1057 1013 1098 ejusdem
1039 1055 1165 1087 coloris
1188 1061 1276 1086 sunt.
1321 1056 1511 1086 Processus
1535 1055 1698 1088 frontales
1722 1056 1882 1088 laterales
1908 1058 2031 1089 cinerei
2055 1065 2088 1088 et

265 1112 416 1153 margine
441 1110 555 1141 albido
581 1110 694 1147 cincti,
719 1118 897 1148 processus
922 1107 1049 1138 medius
1074 1108 1180 1149 niger.
1216 1106 1391 1138 Abdomen
1415 1097 1608 1145 brunneum,
1635 1109 1766 1149 punctis
1790 1107 1934 1150 singulis
1947 1107 2087 1148 albidis3

266 1164 367 1202 pedes
392 1163 497 1202 spurii
521 1162 629 1192 ultimi
653 1162 743 1200 paris
769 1160 879 1191 colore
903 1159 1037 1190 sordide
1061 1158 1148 1192 albo.

382 1213 572 1255 Longitudo
597 1219 664 1243 tres
693 1212 876 1252 quinqueve
899 1209 1007 1241 lineas
1031 1209 1147 1242 efficit.

381 1264 419 1296 In
444 1264 542 1296 horto
566 1265 659 1305 regio
683 1263 807 1296 Olivae
830 1273 932 1303 prope
957 1261 1131 1293 Gedanum
1154 1260 1241 1292 inter
1263 1259 1393 1302 lapides
1417 1259 1503 1292 hanc
1526 1261 1669 1301 speciem
1694 1263 1819 1301 reperi;
1852 1264 1997 1295 ceterum
2021 1272 2086 1295 non

269 1318 424 1357 frequens
449 1325 525 1347 esse
549 1315 692 1348 videtur.
1764 1322 1772 1326 “
2003 1305 2007 1308 ’

788 1405 1087 1449 Genus
1145 1402 1562 1447 oniscus.

907 1501 1083 1529 oniscus
1113 1499 1329 1528 murm-lus
1365 1501 1455 1527 CUV.

440 1584 573 1608 Brandt
592 1585 648 1608 und
666 1582 870 1613 Ratzeburg
887 1582 905 1607 1.
925 1587 948 1606 c.
969 1583 1032 1606 tom.
1052 1579 1077 1605 2.
1098 1586 1123 1611 p.
1142 1577 1185 1605 80.

386 1633 424 1665 In
449 1632 546 1665 cellis
572 1641 603 1665 et
628 1634 729 1664 muris
752 1631 884 1672 ubique.

744 1740 1043 1784 Genus
1100 1739 1614 1784 Philoscia.

388 1840 499 1881 Hujus
529 1840 664 1881 generis
689 1837 863 1876 animalia,
894 1847 1088 1878 quamquam
1114 1838 1148 1868 in
1175 1836 1356 1868 Germania
1380 1840 1415 1867 et
1440 1836 1551 1868 Gallia
1575 1847 1641 1867 non
1667 1846 1742 1868 rara
1765 1838 1860 1877 sunt,
1890 1842 2001 1868 tamen
2025 1846 2090 1868 non

271 1893 353 1924 satis
383 1892 516 1934 cognita
546 1899 578 1922 et
608 1891 773 1930 descripta
797 1900 872 1921 esse
897 1889 1065 1926 videntur,
1096 1895 1131 1919 ut
1154 1887 1284 1919 Milne
1308 1889 1502 1919 Edwards
1535 1889 1634 1919 etiam
1661 1887 1722 1918 hoc
1744 1898 1848 1928 genus
1874 1898 1945 1919 cum
1968 1898 2090 1930 genere

272 1944 401 1976 onisco
426 1943 689 1985 conjungendum
717 1949 818 1983 putet.
866 1941 1095 1980 Quamobrem
1119 1940 1233 1979 paucis
1258 1941 1371 1972 verbis
1397 1950 1573 1981 exponam,
1599 1938 1717 1980 quibus
1742 1940 1839 1970 rebus
1864 1939 1903 1970 ab
1928 1936 2089 1971 affinibus

269 1995 449 2037 generibus
473 1994 608 2026 differre
632 1994 712 2025 mihi
735 1993 897 2026 videatur.

385 2047 494 2077 Frons
519 2045 629 2077 libera
652 2047 672 2078 i.
693 2057 720 2077 e.
745 2045 957 2085 processibus
982 2053 1116 2083 prorsus
1140 2053 1252 2075 vacua.
1303 2043 1532 2074 Antennarum
1557 2044 1765 2074 exteriorum
1789 2043 1901 2073 trunci
1926 2039 2089 2073 articulus

272 2100 437 2131 secundus
461 2097 667 2140 cylindricus
691 2105 754 2136 est,
778 2098 869 2128 intus
895 2107 960 2126 non
985 2095 1147 2132 tumidus3
1172 2093 1342 2136 flagellum
1367 2094 1471 2125 tribus
1496 2095 1646 2125 articulis
1671 2101 1703 2125 et
1726 2094 1947 2125 crassitudine
1972 2091 2089 2124 etlon-

272 2151 422 2193 gitudine
451 2150 522 2181 fere
547 2148 739 2188 aequalibus
764 2149 823 2180 sed
850 2147 946 2188 plane
969 2148 1059 2178 inter
1083 2157 1120 2177 se
1144 2147 1323 2188 disjunctis
1348 2147 1584 2186 compositum,
1615 2144 1756 2176 articulo
1781 2144 1896 2175 ultimo
1920 2144 2033 2175 conico
2058 2151 2089 2174 et

272 2204 307 2232 in
331 2201 425 2232 filum
453 2201 606 2236 abeunte,
632 2201 685 2239 qui
710 2200 936 2241 magnitudine
961 2197 1063 2229 multo
1088 2205 1186 2230 aucta
1210 2198 1336 2228 duobus
1362 2207 1403 2227 ex
1428 2196 1575 2228 articulis
1600 2203 1751 2227 constare
1775 2196 1915 2228 videtur.
1960 2194 2089 2226 Anten-

273 2264 334 2285 nae
364 2253 543 2283 interiores
573 2251 698 2282 duobus
729 2262 772 2281 ex
797 2249 949 2282 articulis
974 2256 1100 2280 tantum
1127 2255 1295 2287 constant,
1332 2248 1473 2289 ideoque
1497 2248 1602 2288 magis
1627 2249 1746 2286 etiam,
1782 2257 1877 2286 quam
1902 2247 1936 2276 in
1961 2244 2088 2276 onisco

276 2311 308 2334 et
331 2305 365 2335 in
390 2302 619 2340 Porcellione,
645 2303 677 2332 in
703 2301 819 2342 quibus
845 2309 912 2333 tres
938 2300 1070 2332 articuli
1094 2301 1320 2342 reperiuntur,
1350 2298 1522 2330 mutilatae
1547 2303 1632 2331 sunt.

390 2355 558 2388 Thoracis
591 2354 791 2384 anteriorum
822 2360 964 2395 quatuor
992 2351 1190 2383 annulorum
1220 2352 1387 2392 margines
1417 2351 1619 2390 posteriores
1650 2350 1719 2381 fere
1743 2348 1911 2380 rotundati
1936 2346 1988 2379 vel
2014 2346 2088 2378 sub-

275 2407 372 2446 recti,
397 2407 497 2438 ceteri
521 2405 639 2437 annuli
663 2406 861 2445 praesertim
885 2405 1020 2437 ultimus
1046 2404 1252 2445 emarginati.
1287 2403 1466 2434 Processus
1491 2401 1649 2434 laterales
1674 2400 1790 2433 breves
1815 2406 1891 2430 sunt
1915 2405 1946 2430 et
1971 2399 2003 2429 in
2028 2408 2089 2429 an-
