2193 2832
105 1160 362 1216 Ulultorum,
403 1169 463 1218 qui
491 1169 604 1206 libros
633 1167 882 1218 scripserunt,
909 1167 945 1204 in
971 1166 1160 1216 prooemio
1190 1162 1436 1202 excusatione
1463 1161 1533 1209 uti,
1561 1159 1658 1210 quod
1686 1158 1915 1209 scripserint,

106 1264 260 1302 ridicula
287 1268 348 1302 est
376 1261 620 1301 consuetudo.
687 1260 888 1299 Excusare
916 1259 1027 1308 igitur
1054 1258 1162 1307 hujus
1190 1257 1306 1296 libelli
1334 1261 1450 1294 ortum
1477 1255 1584 1301 nolo,
1626 1252 1808 1304 explicari
1836 1264 1917 1290 eum

105 1358 236 1408 paucis
263 1356 390 1395 verbis
418 1359 575 1406 oportet.
617 1355 703 1393 Jam
731 1354 825 1393 enim
853 1358 909 1400 te,
937 1352 1057 1390 lector
1084 1351 1288 1398 benevole,
1315 1350 1373 1389 his
1401 1349 1548 1400 paginis
1576 1347 1779 1399 pervolutis
1807 1346 1917 1384 video

107 1450 413 1500 obstupefactum.
489 1448 693 1498 Ingeniosa
734 1449 900 1485 fortasse
941 1450 979 1484 et
1017 1457 1115 1483 nova
1154 1445 1201 1483 de
1242 1450 1370 1482 natura
1408 1443 1647 1494 pronunciata
1686 1441 1918 1489 investigans

107 1543 196 1580 nihil
223 1543 418 1588 invenisti,
459 1542 531 1579 nisi
571 1543 715 1580 nomina
755 1546 793 1579 et
834 1540 1036 1582 animalium
1063 1550 1255 1589 parvorum
1282 1549 1478 1588 parumque
1508 1536 1736 1585 cognitorum
1769 1538 1920 1584 jejunas

109 1635 396 1686 descriptiones.
451 1636 576 1674 Sane!
605 1636 686 1672 Una
713 1636 795 1673 sola
822 1635 929 1683 lege,
960 1645 1053 1682 quae
1082 1632 1128 1669 ad
1157 1633 1265 1669 vitam
1293 1632 1494 1669 animalium
1522 1631 1696 1681 pertinet,
1724 1629 1920 1678 ingeniose

108 1730 277 1775 inventa,
306 1741 425 1768 rerum
453 1728 665 1766 naturalium
694 1727 850 1766 studium
879 1726 927 1764 ad
955 1729 1128 1776 majorem
1156 1726 1309 1775 gradum
1335 1725 1542 1776 promoveri
1570 1737 1673 1774 quam
1703 1726 1922 1761 sexcentum

110 1835 284 1861 novarum
313 1824 522 1873 specierum
549 1821 880 1872 descriptionibus,
920 1833 1068 1870 quarum
1106 1819 1316 1859 discrimina
1356 1831 1474 1870 saepe
1515 1819 1634 1857 oculis
1676 1817 1823 1855 armatis
1858 1816 1922 1853 vix

112 1917 398 1967 perspiciuntur,
426 1917 706 1956 accuratissime
735 1915 961 1963 elaboratis,
1001 1916 1083 1965 ipse
1111 1914 1354 1953 libentissime
1381 1913 1563 1952 concedo.
1617 1911 1696 1950 Sed
1723 1922 1795 1948 non
1823 1921 1923 1948 sem—

46 2020 95 2081 ‘j
112 2021 178 2059 per
206 2010 313 2047 nobis
342 2011 524 2050 scientiae
553 2011 720 2051 sublimia
748 2022 879 2048 curare
907 2010 1007 2048 licet.
1062 2008 1295 2059 Saepissime
1325 2020 1393 2046 eos
1421 2008 1590 2052 labores,
1619 2007 1695 2055 qui,
1733 2005 1770 2042 si
1794 2004 1924 2042 altiora

114 2104 175 2140 illa
204 2103 327 2141 studia
354 2105 531 2154 petimus,
558 2105 702 2154 negligi
728 2116 800 2142 non
828 2109 1003 2154 possunt,
1045 2102 1186 2153 suscipi
1220 2114 1384 2141 necesse
1413 2105 1482 2140 est.
1550 2100 1619 2139 Sic
1652 2101 1830 2149 cujusque
1858 2110 1925 2134 na-

116 2201 217 2234 turae
248 2198 466 2235 scrutatoris
495 2204 574 2244 est,
603 2198 766 2236 omnibus
794 2197 932 2235 viribus
966 2209 1012 2234 eo
1039 2197 1121 2243 niti,
1149 2201 1204 2242 ut,
1245 2207 1483 2246 quaecunque
1524 2195 1600 2232 alat
1633 2206 1679 2232 ea
1712 2199 1826 2239 terra,
1868 2191 1926 2228 cui

117 2291 281 2339 proxima
309 2298 394 2329 sunt
421 2291 542 2329 officia
584 2305 652 2329 sua
678 2298 716 2330 et
742 2303 907 2338 munera,
946 2291 1217 2340 investigentur
1244 2296 1282 2328 et
1309 2294 1593 2339 cognoscantur.
1650 2288 1731 2333 Quo
1771 2297 1926 2323 accura-

119 2385 189 2422 tius
219 2385 365 2434 singula
393 2385 643 2424 examinantur
670 2390 709 2423 et
736 2386 1108 2435 perquiruntur‚›quo
1138 2384 1352 2433 diligentius
1381 2383 1636 2422 describuntur
1676 2387 1714 2419 et
1754 2382 1847 2418 inter
1883 2392 1926 2417 se

1626 2453 1667 2483 6*

1714 2579 1980 2668 'coita
