2193 2832
973 131 1023 165 21

214 223 404 267 Longitudo
424 231 532 264 paene
553 221 575 255 4
597 220 705 253 lineas
729 217 849 256 efficit,
873 217 1016 249 latitudo
1038 218 1098 249 vix
1120 219 1137 249 1
1161 216 1285 249 lineam
1307 222 1451 257 superat.

213 278 290 310 Hoc
325 274 465 314 animal,
500 274 589 316 quod
618 278 690 317 jam
725 272 760 303 in
793 269 1017 310 compluribus
1045 269 1128 301 loeis
1157 275 1290 301 nostrae
1317 269 1510 309 provinciae
1537 274 1702 309 repertum
1731 275 1798 307 est,
1832 279 1903 301 cum

97 330 314 365 Armadillone
337 327 493 369 pulchello
515 323 629 358 Koch
652 323 674 355 l.
698 334 725 355 c.
751 322 834 354 fasc.
858 323 911 354 28.
935 332 965 361 p.
990 322 1041 353 16.
1066 321 1186 353 ceteris
1217 321 1346 360 quidem
1370 321 1468 352 rebus
1493 321 1657 362 congruit,
1693 321 1821 361 majore
1850 331 1905 352 au-

98 390 162 415 tem
187 380 361 413 altitudine
384 386 418 410 et
442 379 570 410 minore
591 374 767 407 latitudine
791 374 937 413 corporis
960 372 1000 404 ab
1025 383 1064 404 eo
1088 372 1221 404 differre
1244 372 1384 403 videtur.

557 484 854 528 Genus
905 481 1443 526 Armadillo.

627 587 853 617 Arma-mlo
880 586 1148 615 officinarum
1183 589 1204 614 Β
1212 589 1236 613 R
1244 589 1266 613 A
1272 588 1295 613 N
1302 589 1326 613 D
1335 588 1365 612 Τ.

208 663 408 695 Brandt'und
425 661 621 693 Ratzeburg
645 661 661 685 l.
682 666 704 685 c.
725 660 760 684 11.
779 667 804 690 p.
822 657 864 684 82.
884 673 916 679 —
960 658 1063 683 Mllne
1090 656 1255 690 Ejdwards
1272 658 1291 681 1.
1310 662 1333 681 c.
1352 655 1402 681 111.
1420 662 1445 687 p.
1466 653 1523 680 178.
1541 667 1575 672 —
1619 653 1750 681 Pentheus
1766 658 1907 688 punctulus

95 709 184 734 Koch
203 709 220 733 1.
240 714 263 732 c.
281 706 362 732 Fasc.
379 704 423 731 34.
443 705 467 732 1.

207 756 375 789 Animalia
410 764 479 786 cum
503 753 589 793 illis,
624 763 705 793 quae
728 751 751 785 l.
775 763 800 783 c.
826 751 992 790 descripta
1015 757 1108 789 sunt,
1138 750 1272 781 omnino
1296 759 1440 791 congrua
1468 749 1501 780 in
1525 748 1617 791 ligno
1640 749 1789 789 putrido,
1819 749 1904 790 quod

92 811 127 841 in
152 819 272 851 aggere
297 807 424 839 Gedani
447 812 574 846 portum
597 806 766 836 muniente
788 803 971 839 invenitur,
997 801 1075 834 clar.
1101 801 1247 843 Menge
1269 801 1407 840 reperit,
1431 807 1464 832 et
1476 807 1659 832 memoratu
1674 800 1757 831 satis
1771 799 1904 841 dignum

93 861 238 899 videtur,
262 860 348 890 hanc
371 859 526 898 speciem,
550 856 655 888 adhuc
679 856 813 887 nonnisi
836 855 869 885 in
885 854 966 885 Asia
989 855 1114 885 minore
1137 860 1170 885 et
1192 855 1228 884 in
1252 851 1526 884 meridionalibus
1551 852 1703 891 Europae
1732 852 1832 883 terris
1856 861 1903 881 re-

94 918 234 951 pertam,
258 912 293 942 in
319 916 432 942 nostra
455 919 580 950 quoque
605 907 805 939 Germaniae
829 906 999 946 provincia
1023 903 1279 945 septentrionali
1302 903 1462 935 hahitare.

612 1047 1395 1135 PflYttoronA

697 1203 995 1248 Genus
1045 1205 1297 1257 Apus.

650 1310 681 1336 1.
716 1308 829 1343 Apus
854 1307 1149 1336 canen-iromus
1176 1302 1347 1334 SCHRFF.

298 1381 404 1406 Milne
428 1380 593 1405 Edwards
612 1381 631 1405 1.
651 1379 744 1405 c.111.
764 1386 790 1410 p.
808 1376 869 1406 360.

207 1449 301 1481 Haec
323 1449 451 1489 species
474 1448 599 1489 passim
624 1450 751 1479 tantum
773 1447 808 1478 in
832 1451 946 1478 nostra
969 1446 1143 1487 provincia
1164 1447 1297 1486 reperta
1320 1450 1380 1476 est.

684 1540 716 1568 ἓ.
751 1540 864 1575 Apus
890 1539 1122 1575 productus
1149 1533 1318 1567 SCHKF'F.

298 1611 402 1636 Milne
421 1611 583 1636 Edwards
602 1611 670 1637 ibid.

209 1660 317 1693 Multo
341 1662 475 1701 saepius
498 1671 592 1701 quam
617 1662 657 1693 A.
683 1661 911 1693 cancriformis
935 1662 1123 1701 invenitur,
1146 1667 1179 1692 et
1201 1670 1301 1701 prope
1323 1658 1579 1699 Regiomontum
1612 1656 1647 1685 in
1671 1656 1789 1693 fossis,
1826 1666 1906 1695 quae

93 1720 167 1745 ante
193 1720 318 1752 portam
343 1712 633 1745 Sackheimianam
656 1712 690 1744 in
715 1714 804 1755 agris
829 1719 923 1753 sunt,
949 1714 1053 1744 donec
1077 1718 1204 1744 aestate
1228 1711 1412 1746 siccantur,
1443 1707 1580 1739 habitat.

730 1839 1273 1925 cttnocnsst

604 1974 900 2018 Genus
952 1971 1389 2029 Daphnin.

274 2066 387 2091 MILNE
406 2065 590 2091 EDWARDS
608 2066 657 2091 111.
677 2073 702 2097 p.
721 2063 781 2090 374.
800 2076 834 2083 —
870 2062 1021 2095 snmus,
1039 2065 1190 2090 Memolres
1209 2065 1244 2088 du
1262 2061 1390 2088 Muse'um
1411 2065 1474 2087 tom.
1495 2060 1522 2086 5.
1543 2068 1569 2091 p.
1588 2058 1647 2086 380.
1667 2061 1701 2090 pl.
1721 2057 1763 2085 29.

211 2115 441 2158 Daphniarum
466 2117 614 2156 corporis
638 2122 804 2148 structura
828 2117 913 2147 satis
938 2115 1069 2157 cognita
1103 2114 1166 2146 hoc
1187 2113 1262 2146 loco
1285 2114 1405 2144 iterum
1428 2111 1540 2143 multis
1564 2109 1675 2141 verbis
1710 2109 1903 2149 explicetur,

91 2169 226 2200 minime
250 2178 388 2200 necesse
411 2176 472 2202 est.
517 2167 564 2200 Ut
587 2173 695 2199 autem
719 2168 839 2199 melius
863 2167 1045 2207 specierum
1070 2166 1311 2206 descriptiones
1336 2163 1582 2205 intelligantur,
1609 2161 1754 2193 breviter
1777 2168 1903 2192 tantum

92 2219 377 2259 cephalothoracis
400 2220 681 2251 constructionem
706 2229 881 2259 exponam.
925 2217 1091 2251 Valvulae
1115 2217 1258 2258 scilicet,
1283 2216 1399 2257 quibus
1424 2214 1584 2246 abdomen
1607 2214 1816 2254 interjectum
1841 2216 1903 2250 est,

92 2278 181 2302 testa
203 2271 368 2312 duplicata
392 2270 592 2310 formantur,
617 2281 678 2302 nec
702 2271 768 2302 nisi
791 2271 961 2311 superiore
984 2277 1076 2311 parte
1100 2268 1385 2309 cephalothoracis
1415 2277 1486 2299 cum
1514 2277 1554 2297 ea
1579 2268 1681 2303 testa,
1713 2273 1795 2303 quae
1818 2262 1905 2294 hanc

93 2323 239 2362 corporis
261 2330 386 2362 partem
411 2323 530 2361 vestit,
553 2321 741 2355 cohaerent.
784 2323 836 2354 Eo
859 2321 950 2361 loco,
985 2333 1046 2362 quo
1081 2332 1195 2363 margo
1223 2319 1428 2352 valvularum
1457 2319 1587 2350 anticus
1623 2322 1656 2347 et
1683 2314 1768 2346 liber
1792 2315 1825 2345 in
1850 2324 1902 2345 ce—

108 2373 363 2406 ·halothoracem
387 2374 526 2413 transit,
549 2379 636 2406 testa
657 2375 692 2406 in
714 2381 854 2414 utroque
875 2373 1162 2418 cephalothoracis
1184 2371 1290 2404 latere
1323 2370 1356 2404 in
1390 2371 1530 2403 fornicis
1561 2368 1692 2400 modum
1726 2367 1903 2406 prominet-
