2193 2832
1138 130 1189 165 12

256 223 430 255 altitudine
453 223 598 262 corporis
623 220 808 252 latitudinis
832 220 966 252 tertiam
988 218 1058 251 fere
1081 220 1212 258 partem
1235 217 1445 250 conficiente.
1487 216 1650 250 Thoracis
1673 216 1870 258 superficies
1892 229 2070 261 granorum

255 285 368 314 parum
391 274 647 314 prominentium
672 271 821 304 seriebus
844 272 879 303 in
905 272 1054 312 cujusvis
1077 269 1201 311 cinguli
1225 270 1333 302 medio
1357 270 1560 302 transversis
1585 268 1712 309 scabra,
1736 268 1925 301 abdominis
1938 272 2071 311 punctis

255 325 434 357 subtilibus
459 332 492 356 et
515 325 687 364 impressis
712 323 852 357 obtecta.
883 322 1030 355 Ultimus
1054 322 1238 354 abdominis
1263 321 1405 353 annulus
1429 320 1635 362 marginibus
1659 322 1767 352 minus
1791 321 1951 360 profunde
1975 333 2071 362 quam

254 377 288 408 in
312 376 389 409 aliis
412 375 586 415 speciebus
610 376 751 414 excisis,
787 384 872 414 apex
895 385 1009 414 parum
1033 375 1251 412 acuminatus,
1274 375 1309 405 in
1333 374 1441 406 medio
1465 384 1531 404 non
1555 371 1715 412 sulcatus,
1740 372 1797 403 sed
1819 373 1876 404 ubi
1900 375 2071 416 margines

255 430 290 459 in
315 427 454 470 angulos
483 428 583 458 incisi
606 434 700 467 sunt,
729 426 890 458 lateribus
914 427 1091 466 depressis.
1136 425 1266 457 Pedum
1288 425 1400 457 ultimi
1424 423 1539 457 annuli
1562 424 1750 465 spuriorum
1772 423 1930 456 articulus
1954 424 2070 458 finalis

256 485 396 521 angusto
408 498 422 504 -
435 477 656 512 lanceolatus.

370 529 470 562 Color
493 530 590 561 modo
615 530 745 561 sordide
769 529 955 562 flavescens
978 527 1118 561 maculis
1141 528 1300 559 brunneis
1323 529 1503 569 fuscisque,
1526 527 1622 558 modo
1645 526 1813 558 brunneus
1836 525 1891 557 vel
1913 526 2074 570 subniger

254 579 394 612 maculis
419 592 437 612 e
459 580 558 613 rubro
582 581 635 613 vel
660 593 677 612 e
701 582 812 623 griseo
835 580 1095 613 flavescentibus
1120 581 1236 612 variat.
1284 579 1407 611 Omnia
1430 584 1542 612 autem
1566 571 1724 611 animalia
1743 584 1941 620 congruunt:
1967 580 2073 619 capite

254 632 349 664 fusco
378 638 411 663 et
439 632 604 664 maculato
632 632 684 663 vel
714 636 887 672 punctato,
915 634 1046 673 punctis
1075 633 1109 663 in
1136 632 1242 663 crucis
1267 632 1407 663 sormam
1431 631 1621 673 plerumque
1645 631 1838 670 dispositis,
1860 630 2074 669 processibus

253 682 454 715 frontalibus
479 685 583 726 nigris
608 691 641 715 et
665 681 1028 726 albido—marginatis,
1059 685 1152 716 striis
1177 683 1282 715 tribus
1306 682 1580 722 flavescentibus,
1603 693 1670 714 una
1693 684 1885 723 angustiore
1908 683 1943 713 in
1967 682 2074 714 medio

254 734 401 767 thoracis
426 736 536 776 dorso,
560 736 665 767 altera
689 735 809 767 latiore
832 737 991 778 utrinque
1015 737 1050 767 in
1075 746 1291 777 processuum
1314 735 1501 766 lateralium
1525 735 1598 766 basi
1623 735 1699 773 sita,
1723 733 1901 765 abdomine
1924 733 2074 766 brunneo

254 787 347 818 striis
371 786 497 818 duabus
521 787 716 819 lateralibus
742 794 865 825 notato,
892 788 998 819 tribus
1021 788 1153 827 punctis
1178 786 1439 819 flavescentibus
1463 787 1499 818 in
1523 785 1597 818 basi
1619 786 1729 817 ultimi
1754 784 1878 827 cinguli
1903 786 1988 819 sitis.

370 839 482 877 Quum
512 838 594 871 haec
622 841 749 879 species
779 839 839 871 sub
869 838 1034 878 lapidibus
1064 845 1097 870 et
1125 837 1187 870 sub
1216 837 1370 870 arborum
1400 839 1521 870 cortice
1544 837 1664 878 ubique
1687 839 1886 877 reperiatur,
1911 846 1983 878 eam
2008 847 2073 867 non

251 890 321 930 jam
345 890 403 921 diu
424 882 624 922 accuratius'
639 891 844 933 descriptam
868 901 943 922 esse
971 892 1089 928 miror;
1125 901 1196 922 cum
1220 890 1420 922 Porcellione
1443 891 1603 922 trilineato
1626 888 1777 920 Kochii
1800 888 1952 929 plurimis
1975 887 2074 919 rebus

255 943 429 979 convenit,
459 948 572 974 tamen
603 953 680 974 num
704 943 792 975 idem
816 943 876 981 sit,
912 941 1044 982 dubito,
1078 942 1153 982 quia
1176 940 1262 974 illud
1285 941 1411 974 animal
1434 952 1508 973 raro
1532 944 1660 974 tantum
1685 952 1746 973 nec
1768 942 1834 972 nisi
1857 939 2081 981 Vindebonae·

255 999 422 1033 repertum
447 1001 509 1027 est.

830 1070 866 1097 3.
901 1069 1111 1098 Porcellio
1138 1069 1288 1097 scaber·
1322 1070 1501 1096 BRANDT.

394 1144 396 1146 ’
424 1144 552 1173 Brandt
570 1149 626 1174 und
644 1148 846 1181 Ratzeburg
863 1151 881 1174 l.
900 1156 924 1174 c.
941 1156 967 1180 p.
986 1148 1030 1175 77.
1048 1163 1082 1168 —
1101 1148 1134 1175 P.
1154 1147 1286 1175 Brandtii
1303 1150 1407 1174 Mllne
1425 1146 1592 1173 Edwards
1611 1149 1629 1173 l.
1650 1154 1673 1173 c.
1692 1146 1744 1173 111.
1763 1155 1789 1179 p.
1807 1145 1867 1173 168.

370 1196 447 1230 Una
472 1205 598 1230 tantum
622 1198 722 1240 hujus
747 1200 869 1239 speciei
892 1201 1051 1237 varietas,
1075 1199 1228 1232 unicolor
1252 1199 1460 1237 Brandtii‚
1484 1197 1596 1230 colore
1620 1209 1638 1230 e
1662 1199 1756 1239 nigro
1780 1203 1990 1237 canescente,
2003 1208 2078 1237 pro·

255 1248 404 1281 cessibus
433 1249 634 1282 frontalibus
664 1251 789 1293 nigriS‚
824 1252 975 1293 margine
1003 1251 1131 1292 albido,
1165 1251 1248 1283 mihi
1276 1251 1387 1283 adhuc
1416 1253 1498 1282 nota
1527 1256 1588 1295 est.
1634 1249 1673 1282 In
1704 1249 1798 1282 cellis
1823 1256 1855 1282 et
1879 1249 1939 1282 sub
1964 1259 2076 1282 musco

254 1302 452 1342 saepissime
475 1303 649 1342 reperitur.

783 1388 819 1415 4.
854 1387 1064 1416 Poreemo
1082 1393 1336 1422 conspersus
1362 1387 1405 1419 (2)
1429 1387 1548 1414 KOCH.

429 1465 537 1497 Koch,
555 1466 761 1491 Deutschlands
781 1466 963 1492 Crustaceen.
987 1468 1068 1493 Fasc.
1086 1465 1129 1492 34.
1147 1467 1210 1499 Flg.
1230 1465 1272 1492 17.

371 1514 500 1556 Capitis
530 1516 702 1557 longitudo
732 1516 921 1548 latitudinis
952 1518 1089 1549 dimidio
1118 1516 1217 1556 paulo
1240 1517 1358 1558 major.
1402 1516 1588 1548 processus
1612 1515 1774 1548 frontales
1796 1515 1916 1546 iisdem
1940 1515 2073 1547 Porcel-

255 1566 354 1597 lionis
379 1566 488 1598 scabri
512 1567 661 1606 partibus
685 1567 864 1606 simillimi,
894 1568 1054 1600 laterales
1078 1568 1220 1608 obliqui,
1244 1569 1285 1599 ad
1307 1567 1413 1599 latera
1437 1567 1647 1605 secedentes,
1673 1568 1767 1607 apice
1790 1567 1982 1605 rotundat03
2006 1577 2075 1598 me-

255 1618 328 1648 dius
357 1619 544 1657 triquetrus
573 1620 667 1660 apice
696 1619 830 1659 obtuso,
860 1616 1057 1653 lateralibus
1086 1621 1142 1651 vix
1170 1621 1289 1651 minor.
1335 1619 1556 1650 processuum
1582 1618 1727 1649 thoracis
1751 1618 1937 1650 lateralium
1960 1617 2075 1660 anguli

253 1669 375 1708 postici
399 1669 546 1700 subrecti
576 1677 608 1701 et
637 1671 768 1709 paulum
793 1677 882 1702 retro
906 1673 1150 1711 prominentes,
1180 1671 1285 1711 quinti
1309 1676 1419 1701 autem
1444 1669 1666 1701 abdominalis
1691 1669 1814 1711 cinguli
1839 1680 2015 1710 processus
2039 1671 2073 1700 in

256 1720 412 1762 angulum
436 1724 561 1752 rectum
586 1721 722 1759 reflexi3
747 1721 882 1754 ultimus
906 1723 1094 1755 abdominis
1118 1723 1261 1755 annulus
1286 1733 1303 1753 e
1327 1721 1400 1752 basi
1423 1721 1493 1753 lata
1516 1722 1551 1752 in
1575 1732 1764 1761 processum
1789 1721 1874 1759 abit,
1900 1722 1953 1761 qui
1976 1731 2074 1760 supra

257 1782 428 1803 convexus
459 1778 511 1802 est
540 1779 573 1803 et
602 1773 808 1815 marginibus
832 1774 1003 1814 parallelis
1031 1782 1128 1816 atque
1151 1776 1244 1814 apice
1269 1774 1444 1805 rotundato
1468 1773 1554 1804 hanc
1578 1774 1721 1812 speciem
1745 1784 1822 1812 prae
1846 1772 1998 1804 omnibus
2022 1782 2074 1803 ce·

257 1824 337 1854 teris
366 1824 519 1864 insignit.
565 1823 689 1855 Pedum
719 1825 909 1866 spuriorum
939 1826 1100 1857 articulus
1124 1826 1236 1857 finalis
1259 1826 1399 1857 interior
1422 1826 1546 1864 apicem
1571 1835 1636 1855 non
1660 1831 1809 1864 superat,
1834 1822 1993 1855 articulus
2016 1822 2073 1854 ba-

256 1874 339 1906 salis
363 1881 540 1916 angustum
564 1876 707 1914 spatium
731 1877 846 1916 quinto
871 1884 904 1908 et
927 1884 1026 1909 sexto
1051 1877 1239 1909 abdominis
1263 1876 1387 1908 annulo
1412 1878 1621 1918 interjectum
1646 1886 1778 1915 prorsus
1803 1874 1926 1914 explet.
1985 1909 1994 1919 ἱ

371 1926 480 1965 Caput
509 1925 731 1965 compluribus
758 1939 934 1969 granorum
965 1928 1114 1961 seriebus
1143 1928 1328 1968 obtectum,
1358 1939 1433 1968 pars
1457 1927 1581 1969 cinguli
1605 1928 1752 1968 cujusvis
1777 1926 1939 1958 thoracici
1962 1927 2072 1957 antica

254 1979 365 2016 parvis
395 1978 588 2008 eminentiis
613 1978 791 2019 granisque
813 1980 943 2013 scabra.
991 1981 1338 2022 Corpustransverse
1361 1981 1446 2012 satis
1470 1985 1636 2011 arcuatum
1661 1982 1729 2018 est,
1761 1977 1936 2009 altitudine
1959 1977 2072 2008 latitu-

257 2029 345 2059 dinis
369 2029 506 2060 dimidio
529 2030 628 2068 paulo
651 2030 794 2069 minore,
817 2030 979 2063 lateribus
1004 2043 1109 2072 paene
1132 2032 1282 2064 inflexis.

372 2080 475 2111 Color
502 2081 536 2111 in
567 2080 701 2113 thorace
729 2083 860 2114 sordide
889 2083 1091 2120 flavescens3
1125 2083 1277 2115 maculae
1299 2093 1421 2123 parvae
1444 2082 1622 2123 fuscaeque
1646 2091 1746 2121 prope
1769 2081 1912 2112 medium
1937 2079 2071 2110 dorsum

258 2132 341 2163 duas
370 2130 480 2162 lineas
511 2132 594 2163 satis
622 2133 834 2173 imperfectas
864 2141 897 2167 et
924 2137 1143 2175 interruptas,
1172 2137 1205 2167 in
1230 2136 1377 2176 corporis
1401 2141 1512 2166 autem
1535 2138 1674 2173 utroque
1698 2132 1803 2164 latere
1827 2133 1941 2164 sti-iam
1966 2131 2070 2172 magis

257 2193 450 2222 expressam
475 2192 689 2223 componunt3
724 2196 900 2225 processus
923 2186 1080 2219 laterales
1106 2187 1252 2219 thoracis
1276 2199 1294 2219 e
1317 2187 1405 2218 flavo
1429 2185 1626 2218 albicantes.
1671 2185 1762 2216 Idem
1787 2183 1880 2216 color
1901 2182 2071 2215 abdomini

258 2237 326 2273 est,
351 2233 558 2276 cingulorum
582 2237 785 2279 marginibus
810 2237 950 2270 maculis
974 2239 1079 2271 fuscis
1103 2240 1238 2279 sparsis,
1262 2238 1380 2270 ultimo
1403 2237 1528 2270 annulo
1552 2237 1659 2271 fusco.
1707 2238 1812 2276 Caput
1835 2237 1936 2267 dense
1959 2244 2070 2265 macu—

257 2284 376 2321 latum3
401 2285 488 2317 oculi
511 2287 704 2329 mediusque
727 2300 902 2329 processus
925 2289 1086 2322 frontalis
1111 2291 1209 2333 nigri,
1233 2301 1407 2330 processus
1430 2288 1587 2322 laterales
1611 2291 1704 2329 apice
1727 2289 1840 2322 albidi.

370 2336 560 2379 Longitudo
588 2341 643 2379 4‚5
670 2339 798 2381 lineas,
832 2342 974 2375 latitudo
998 2343 1018 2374 2
1041 2341 1150 2375 lineas
1181 2341 1323 2375 conficit.
1369 2359 1412 2391 -3
1457 2341 1562 2382 Prope
1586 2341 1759 2373 Gedanum
1783 2351 1803 2371 a
1825 2337 1903 2371 clar.
1928 2335 2070 2377 Menge

258 2394 407 2425 repertus
431 2395 492 2423 est.
