2193 2832
1147 136 1201 172 30

264 227 386 261 ticulus
409 227 598 261 abdominis
622 226 758 258 ultimus
782 226 970 267 marginem
993 225 1210 265 posteriorem
1233 225 1337 258 habet
1360 226 1525 259 sinuatum
1549 234 1583 259 et
1604 227 1845 261 denticulatum
1867 236 1901 262 et
1923 236 1998 271 post
2019 242 2084 264 un·

261 290 342 323 gues
367 279 488 312 finales
512 280 545 311 in
570 277 728 320 angulum
751 284 883 310 acutum
906 278 1162 317 prominentem.
1525 292 1527 294 ·

378 331 555 365 Mensibus
578 332 731 373 Augusto
755 337 788 362 et
811 329 998 370 Septembri
1021 335 1054 361 et
1077 338 1177 369 prope
1201 328 1375 361 Gedanum
1399 336 1432 361 et
1455 340 1557 371 prope
1580 330 1835 374 Regiomontum
1859 335 1975 374 reperi.

837 443 876 469 ὅ.
902 441 1092 474 {amoenus
1109 447 1359 470 macrum-us
1377 440 1507 470 MfiLL.

437 524 567 554 Miiller,
586 523 694 548 Entom.
715 530 740 554 p.
761 522 801 548 77.
822 523 878 547 tab.
898 523 934 548 X.
954 522 1000 554 fig.
1020 521 1097 548 1—4.

381 573 659 615 Cephalothorax
687 575 721 604 in
751 572 952 607 animalibus
983 569 1106 605 adultis
1136 574 1282 604 minutus
1310 574 1344 604 in
1376 581 1520 606 rostrum
1545 573 1643 606 breve
1679 582 1712 606 et
1745 575 1850 608 latum
1875 583 1908 608 et
1931 577 2085 610 obtusum

263 627 348 664 abit,
379 627 526 658 incisura
555 632 663 656 testae
691 635 795 664 parva
827 633 860 657 et
891 632 1034 668 angusta
1063 625 1195 666 oblique
1230 627 1390 657 ascendit.
1436 627 1564 658 Fornix
1600 634 1707 658 testae
1740 627 1926 659 latissimus
1960 637 2086 669 partem

265 677 553 718 ceplialothoracis
577 677 775 709 inferiorem
799 688 935 717 prorsus
960 677 1083 709 occulit
1106 684 1139 709 et
1162 677 1314 719 margine
1338 685 1432 710 recto
1456 680 1495 710 ad
1520 680 1645 719 apicem
1669 690 1772 720 usque
1786 682 1887 712 rostri
1901 682 2087 722 porrigitur.

266 729 414 769 Oculus,
440 730 495 770 qui
520 729 679 760 mediocri
703 730 934 771 magnitudine
958 733 1024 768 est,
1050 737 1083 761 et
1106 731 1238 761 macula
1261 730 1371 771 nigra,
1396 741 1478 770 quae
1501 731 1608 763 forma
1631 738 1682 763 est
1705 732 1862 771 rotunda,
1886 744 1951 764 non
1976 733 2087 772 procul

265 784 354 813 inter
383 792 420 812 se
450 781 568 811 remoti
593 784 628 812 et
651 792 751 821 prope
775 782 959 822 marginem
984 783 1187 814 anteriorem
1212 783 1269 812 siti
1293 788 1380 813 sunt.
1430 783 1607 814 Antennae
1631 785 1777 815 minores
1802 785 1895 824 apice
1918 791 2046 815 tantum
2070 795 2089 815 e

266 840 374 865 testae
403 832 531 863 fornice
561 833 766 873 prominent,
801 840 910 864 rostro
939 841 1049 865 autem
1077 833 1248 876 longiores
1272 840 1367 873 sunt,
1400 839 1620 866 antennarum
1644 838 1804 877 majorum
1829 836 1937 866 trunci
1959 836 2088 868 fornice

265 884 464 922 absconditi,
489 889 583 914 setae
606 891 715 916 autem
740 886 925 927 marginem
950 893 1056 918 testae
1079 886 1271 917 inferiorem
1295 889 1463 925 superant.

375 933 543 966 Valvulae
566 934 673 966 forma
697 935 856 978 oblonga,
888 949 907 969 a
929 937 1092 970 lateribus
1116 937 1214 969 valde
1238 948 1450 979 compressae
1474 944 1562 969 sunt.
1608 937 1782 980 Margines
1806 949 1918 970 earum
1943 941 2090 979 superior

264 995 297 1020 et
325 987 489 1028 posterior
519 987 647 1018 arcuati
671 994 765 1028 sunt,
801 991 949 1022 anterior
973 992 1143 1030 sinuatus,
1178 989 1320 1022 inferior
1342 988 1533 1030 subrectus,
1569 991 1702 1022 ciliatus
1727 997 1760 1022 et
1782 992 1909 1031 postice
1931 1002 2089 1024 mucrone

265 1041 388 1082 exiguo
417 1039 611 1071 instructus.
663 1038 865 1082 Superficies
897 1043 989 1074 striis
1021 1041 1218 1083 aequalibus
1248 1048 1281 1072 et
1309 1042 1425 1075 densis
1455 1049 1488 1073 et
1517 1040 1660 1083 obliquis
1690 1049 1806 1074 notata
1834 1050 1895 1076 est.
1938 1044 2088 1086 Tergum

265 1091 378 1124 colore
403 1088 574 1128 caeruleo,
598 1097 709 1124 cetera
735 1097 842 1126 testae
865 1104 940 1133 pars
965 1093 1075 1126 colore
1098 1095 1190 1126 luteo
1214 1100 1276 1126 est.
2049 1097 2053 1101 ’

372 1141 528 1174 Maxime
557 1141 639 1174 haec
671 1145 798 1184 species
830 1145 1019 1178 abdominis
1043 1147 1148 1178 forma
1172 1153 1206 1177 et
1230 1152 1395 1180 structura
1419 1157 1438 1178 a
1461 1147 1580 1178 ceteris
1603 1147 1737 1189 generis
1760 1146 1892 1188 Lyncei
1915 1146 2089 1187 speciebus

264 1194 384 1229 differt.
420 1193 594 1226 Abdomen
618 1197 743 1238 gracile
768 1204 801 1229 et
825 1197 925 1229 solito
948 1197 1082 1240 longius
1106 1199 1146 1230 ad
1171 1199 1352 1240 marginem
1375 1197 1581 1229 valvularum
1605 1199 1823 1238 posteriorem
1846 1199 2034 1241 porrigitur,
2058 1205 2091 1230 et

264 1248 368 1289 pedes
396 1245 607 1279 branchiales
638 1249 799 1281 anteriori
829 1256 958 1282 tantum
988 1251 1060 1292 ejus
1085 1251 1220 1282 dimidio
1244 1249 1436 1283 adbaerent.
1482 1249 1588 1290 Supra
1610 1249 1772 1281 abdomen
1798 1261 1911 1282 cavum
1936 1261 2091 1293 magnum

268 1306 301 1330 et
323 1297 466 1329 valvulis
491 1299 759 1341 circumclusum,
784 1313 849 1344 quo
874 1313 937 1334 ova
960 1303 1178 1342 recipiuntur,
1202 1303 1383 1334 invenitur.
1429 1302 1527 1340 Quae
1550 1308 1586 1332 ut
1609 1303 1825 1342 retineantur,
1850 1302 1935 1334 nulli
1959 1303 2090 1343 quidem

267 1360 447 1391 processus
470 1353 597 1391 proprii
622 1359 655 1383 et
680 1353 888 1395 styliformes
913 1361 1001 1395 sunt,
1026 1361 1095 1386 tota
1119 1357 1229 1386 autem
1255 1354 1418 1393 posterior
1441 1353 1626 1385 abdominis
1650 1365 1725 1394 pars
1750 1355 1840 1386 edita
1863 1361 1925 1386 est.
1960 1355 1997 1386 In
2010 1366 2090 1395 pen-

265 1402 384 1433 ultimo
419 1404 492 1443 ejus
527 1402 651 1436 annulo
687 1405 799 1437 nullae
834 1407 1043 1446 reperiuntur
1078 1412 1181 1440 setae.
1226 1404 1374 1437 Ultimus
1404 1413 1512 1437 autem
1542 1405 1702 1437 articulus
1731 1407 1851 1448 longus
1882 1414 1915 1438 et
1943 1401 2091 1448 graciliS,

265 1454 416 1496 margine
439 1456 624 1493 posteriore
648 1456 775 1490 duabus
799 1458 949 1489 dentium
972 1457 1121 1490 seriebus
1145 1458 1320 1495 instructo,
1345 1457 1502 1488 inferiore
1526 1459 1746 1500 emarginato,
1769 1459 1816 1490 ita
1839 1457 2032 1498 inflectitur,
2055 1465 2091 1489 ut

266 1509 339 1536 tota
368 1507 442 1546 ejus
471 1507 618 1537 anterior
647 1509 843 1548 superficies
875 1510 1056 1546 abdomen,
1092 1518 1176 1549 apex
1207 1516 1316 1540 autem
1345 1509 1498 1541 ultimum
1532 1510 1648 1551 pedem
1679 1509 1908 1542 branchialem
1938 1511 2090 1552 attingat.

267 1556 416 1588 Animali
440 1563 570 1588 mortuo
595 1558 650 1590 hic
673 1562 837 1593 articulus
863 1561 1058 1602 plerumque
1081 1560 1182 1602 longe
1206 1572 1224 1591 e
1248 1567 1336 1592 testa
1358 1568 1533 1601 porrectus
1557 1562 1731 1601 reperitur.

374 1608 531 1648 Lynceus
555 1620 746 1643 macrourus
770 1612 943 1644 Miilleri
967 1613 1118 1654 margine
1142 1612 1272 1653 quidem
1296 1612 1457 1644 inferiore
1481 1623 1547 1644 non
1571 1613 1686 1645 ciliato
1711 1613 1750 1644 ab
1776 1613 1838 1644 hoc
1861 1612 2000 1645 animali
2024 1612 2090 1644 dif-

269 1660 352 1695 fert,
376 1659 517 1690 forsitan
542 1667 652 1693 autem
673 1665 807 1704 juniora
832 1664 992 1697 animalia
1017 1664 1261 1704 contemplatus
1286 1667 1338 1696 est
1360 1663 1527 1704 Muller,
1553 1676 1636 1704 quae
1659 1664 1699 1696 ab
1722 1665 1847 1697 adultis
1871 1672 1958 1696 testa
1982 1664 2092 1706 pellu-

268 1711 357 1749 cida,
387 1710 666 1749 cephalothorace
694 1714 828 1758 longius
858 1723 1016 1756 protenso
1046 1724 1078 1748 et
1109 1719 1259 1759 margine
1289 1717 1452 1748 inferiore
1476 1715 1694 1758 perbrevibus
1718 1720 1846 1750 tantum
1870 1715 1959 1748 ciliis
1983 1716 2091 1748 obsito

268 1761 307 1793 ab
332 1760 455 1794 adultis
480 1763 680 1796 animalibus
704 1767 905 1808 discrepant.

375 1814 567 1856 Longitudo
592 1818 667 1855 0,35
691 1818 751 1850 lin.

377 1865 420 1896 Et
443 1876 544 1908 prope
570 1867 744 1903 Gedanum
769 1879 803 1904 et
827 1882 928 1913 prope
952 1871 1207 1914 Regiomontum
1232 1872 1266 1902 in
1290 1869 1427 1902 lacubus
1452 1872 1569 1910 reperi.

675 2015 974 2059 Genus
1051 2015 1685 2070 Polyphemus.

877 2130 1160 2165 Polyphemus
1179 2131 1327 2158 oculus
1355 2133 1381 2157 M
1388 2126 1413 2157 ὕ
1420 2133 1442 2157 L
1451 2133 1483 2172 L.

444 2208 548 2232 Mllne
568 2209 744 2239 EdwardS‚
763 2211 781 2234 l.
801 2216 823 2234 c.
844 2210 894 2234 111.
912 2217 938 2240 p.
956 2207 1016 2236 389.
1044 2222 1077 2227 »-
1105 2209 1280 2242 Polyphemus
1297 2209 1437 2241 pediculus
1456 2208 1590 2235 Straus.
1608 2222 1642 2227 —-
1660 2208 1824 2235 Monoculus
1841 2207 2009 2241 polyphemus
2027 2208 2089 2232 Ju-

271 2252 355 2282 rlne,
375 2252 441 2276 hist.
461 2252 486 2276 d.
505 2255 621 2277 monocl.
641 2260 668 2283 p.
688 2250 748 2278 143.
768 2254 802 2283 pl.
823 2250 864 2277 15.
884 2250 960 2278 1-3.

379 2301 489 2343 Hujus
520 2304 642 2342 speciei
672 2303 736 2334 duo
766 2302 928 2334 animalia
956 2304 1063 2342 reperi
1093 2304 1126 2334 in
1150 2303 1241 2339 lacu,
1271 2305 1328 2345 qui
1352 2305 1385 2335 in
1409 2305 1484 2336 vico
1509 2303 1658 2335 Ottomin
1683 2312 1783 2342 prope
1808 2301 1979 2333 Gedanum
2004 2301 2089 2335 situs

271 2360 333 2385 est.
382 2355 491 2394 Capta
515 2360 645 2392 autem,
669 2355 858 2395 priusquam
884 2356 1074 2387 accuratius
1098 2356 1290 2395 perquirere
1314 2362 1347 2387 et
1370 2355 1560 2388 describere
1584 2356 1691 2397 potui,
1716 2355 1893 2394 perierunt.
