2193 2832
1133 155 1185 190 22

246 250 299 289 qui
323 254 543 280 antennarum
567 248 728 287 majorum
755 245 851 277 basin
875 243 1013 286 obtegit.
1059 243 1211 286 Angulus
1235 244 1307 275 sive
1330 244 1493 284 incisura,
1518 254 1604 285 quae
1626 244 1831 278 valvularum
1855 245 1961 279 libero
1979 257 2064 279 mar·

245 302 323 342 gine
347 307 380 332 et
402 299 542 331 fornicis
566 298 715 339 margine
739 304 879 329 externo
902 297 1127 338 componitur,
1151 296 1187 327 in
1212 295 1376 336 Daphniis
1399 306 1531 335 semper
1542 306 1663 338 magna
1685 301 1718 330 et
1741 297 1808 329 lata
1832 304 1900 338 est,
1924 305 1960 331 ut
1973 308 2064 331 cras-

247 362 304 383 sus
339 358 557 383 antennarum
588 356 725 381 truncus
749 350 897 381 transire
921 355 954 380 et
978 358 1093 380 omnes
1116 348 1152 378 in
1177 354 1288 387 partes
1311 349 1435 379 moveri
1464 349 1581 386 possit.
1610 348 1712 379 Porro
1736 356 1844 381 autem
1869 351 1902 381 in
1925 353 2066 390 utroque

247 403 353 434 latere
370 411 567 444 progressus
586 402 722 433 fornicis
737 412 850 443 margo
873 402 908 431 in
932 401 1097 431 anteriore
1122 398 1407 439 cephalothoracis
1433 400 1517 430 facie
1542 410 1613 430 cum
1638 401 1785 442 margine
1799 401 1937 433 alterius
1949 401 2068 434 lateris

248 457 283 486 in
308 454 464 497 angulum
487 453 583 485 modo
606 459 737 485 acutum
762 454 858 484 modo
882 451 1035 483 obtusum
1061 452 1229 484 convenit.
1259 449 1370 488 Quare
1395 450 1621 490 Daphniarum
1646 451 1906 492 cephalothorax
1929 454 1964 484 in
1987 453 2069 485 duas

248 513 361 546 partes
385 506 558 544 dividitur,
582 504 722 536 alteram
746 505 951 544 superiorem
976 510 1009 535 et
1032 504 1150 542 latam,
1175 514 1257 544 quae
1281 507 1369 535 testa
1393 510 1547 543 tanquam
1576 510 1672 535 scuto
1701 503 1898 545 triangulari
1925 508 2069 545 (capon-

250 559 336 590 clion
360 557 520 596 Jurine)
546 555 678 588 obtecta
702 562 772 595 est,
796 555 935 587 alteram
959 555 1150 586 inferiorem
1175 561 1208 586 et
1231 566 1250 586 a
1272 553 1433 586 lateribus
1459 554 1554 586 valde
1578 565 1819 595 compressam,
1844 557 1937 597 cujus
1955 566 2070 598 margo

249 610 389 641 inferior
410 609 538 649 postice
561 609 596 640 in
620 607 748 639 labrum
773 608 904 640 transit.
950 607 989 638 In
1015 606 1183 646 Daphniis
1208 605 1324 638 oculus
1348 617 1476 646 semper
1500 607 1564 639 hac
1587 608 1622 639 in
1646 607 1806 639 inferiore
1819 606 2072 647 cephalothora-

250 662 300 693 cis
325 668 417 701 parte
441 661 524 692 situs
549 666 599 691 est
623 665 656 690 et
679 669 792 701 margo
815 659 917 701 hujus
941 658 1091 697 inferior,
1115 659 1168 690 cui
1192 665 1358 690 antennae
1381 660 1526 690 minores
1549 660 1698 690 insertae
1723 666 1816 698 sunt,
1840 657 2014 690 nonnullis
2037 659 2073 690 in

250 714 425 753 speciebus
449 718 527 744 ante
550 711 678 744 labrum
700 711 735 742 in
760 717 903 743 rostrum
928 710 1089 751 quoddam
1114 710 1290 750 prominet.
1337 708 1430 742 Haec
1454 711 1590 742 duarum
1620 710 1902 750 cephalothoracis
1931 711 2073 751 partium

252 765 360 797 forma
383 771 480 805 atque
503 764 588 796 ratio
612 773 678 794 non
704 762 811 794 solum
836 763 876 794 ad
900 763 1032 805 generis
1058 761 1234 802 Daphniae
1258 762 1370 793 varias
1395 763 1523 801 species
1547 762 1816 805 distinguendas,
1850 763 1908 795 sed
1942 762 1984 794 ad
2012 772 2070 803 ge-

253 827 333 849 nera
357 818 456 848 etiam
480 816 594 848 Sidam
617 821 651 846 et
673 814 838 858 Lynceum
862 825 881 846 a
904 814 1071 855 Daphniis
1095 813 1303 855 sejungenda
1326 815 1448 854 optime
1471 813 1655 848 adhibetur.

483 903 523 936 A.
567 900 716 943 Species,
740 911 872 943 quarum
895 901 1011 942 capitis
1031 902 1194 942 posterior
1213 911 1293 942 pars
1315 900 1349 931 in
1372 906 1507 932 rostrum
1531 900 1608 933 abit.

883 996 915 1022 1.
950 994 1145 1030 Daphnin
1173 994 1299 1028 pulex
1326 990 1454 1021 MI'JLL.

427 1067 531 1093 mnne
550 1068 719 1093 Edwards
737 1070 755 1093 1.
775 1074 800 1092 c.
819 1067 870 1092 111.
888 1073 914 1098 p.
934 1064 996 1092 379.

375 1118 470 1149 Haec
494 1119 627 1157 species
650 1119 734 1151 satis
759 1118 890 1159 cognita
914 1123 977 1157 est,
1002 1122 1035 1147 et
1059 1126 1136 1148 vere
1159 1115 1327 1148 interdum
1349 1125 1490 1157 magnae
1521 1115 1595 1156 ejus
1620 1120 1773 1148 catervae
1796 1115 1830 1147 in
1853 1113 1990 1147 lacubus
2013 1114 2080 1146 fos-

257 1170 369 1210 sisque
391 1170 611 1210 reperiuntur.

882 1263 918 1290 2.
954 1262 1148 1297 Daltlmla
1174 1262 1285 1290 Simu
1314 1257 1448 1288 Mum..

431 1334 558 1359 muller
585 1335 807 1366 Entomostraca,
826 1340 853 1365 p.
872 1331 917 1359 91.
937 1335 993 1359 tab.
1011 1334 1075 1359 XII.
1094 1331 1137 1359 11.
1157 1333 1197 1360 12.
1216 1345 1250 1351 —
1285 1331 1452 1358 Monoculus
1471 1329 1546 1358 sima
1573 1331 1706 1363 suriae,
1727 1331 1845 1358 histoire
1864 1332 1914 1357 des
1932 1331 2083 1360 monocles,

258 1386 283 1409 p.
303 1374 361 1403 129.
381 1379 417 1409 pl.
437 1378 479 1403 12.
498 1377 546 1409 fig.
567 1375 581 1402 1
601 1380 629 1402 et
647 1376 672 1402 2.
691 1389 726 1394 —
744 1375 874 1409 Daphm'a
892 1376 980 1401 vetula
1000 1377 1134 1402 Straus.

376 1436 473 1468 Haec
507 1446 637 1477 quoque
672 1436 801 1475 species
836 1436 921 1467 satis
958 1436 1119 1478 frequens
1148 1442 1210 1467 est.
1257 1435 1447 1477 Longitudo
1470 1436 1558 1474 0‚91.
1583 1449 1625 1456 —
1670 1432 1868 1473 Ephippium
1897 1432 2007 1465 colore
2031 1435 2084 1463 est

259 1486 391 1528 rubido,
416 1499 434 1519 a
458 1488 609 1528 margine
633 1488 795 1519 inferiore
819 1488 861 1519 ad
885 1489 1092 1527 superiorem
1117 1488 1225 1529 magis
1250 1494 1416 1526 saturato,
1446 1486 1647 1517 densissime
1671 1483 1895 1524 reticulatum,
1924 1491 1956 1517 et
1979 1482 2083 1516 tribus

260 1540 377 1571 stratis
401 1539 632 1582 magnitudine
656 1540 798 1571 diversis
823 1540 1041 1579 compositum
1065 1549 1141 1570 esse
1165 1539 1308 1571 videtur.

433 1615 474 1648 B.
520 1615 670 1657 Species,
694 1627 823 1658 quarum
848 1618 965 1658 capitis
984 1628 1066 1658 pars
1086 1618 1250 1659 posterior
1274 1622 1303 1649 et
1327 1615 1465 1658 inferior
1488 1620 1623 1648 rostrum
1645 1625 1710 1647 non
1733 1615 1900 1655 componit.

851 1719 887 1746 3.
922 1718 1117 1753 naplmia
1144 1718 1368 1747 reticulata
1395 1720 1518 1745 DESM.

434 1788 598 1814 Monoculus
617 1788 775 1814 reticulatus
794 1790 931 1822 Jurine,
951 1791 1070 1816 histoire
1090 1792 1138 1815 des
1158 1792 1311 1821 monoclcs,
1332 1797 1357 1821 p.
1381 1787 1436 1816 139.
1456 1790 1492 1820 pl.
1511 1786 1554 1813 14.
1572 1789 1618 1821 fig.
1637 1786 1654 1814 :3
1673 1791 1701 1813 et
1719 1787 1744 1813 4.

381 1847 535 1879 Femina:
563 1849 744 1888 Impressio
766 1850 853 1880 iuter
876 1848 1187 1888 eephalothoracem
1212 1855 1242 1879 et
1268 1855 1388 1880 testam
1421 1846 1665 1878 abdominalem
1696 1845 1977 1886 satis‘prosunda.
2025 1845 2089 1878 Ce-

262 1899 485 1941 phalothorax
509 1899 641 1940 oblique
665 1901 820 1932 deorsum
844 1911 980 1940 versus,
1005 1906 1113 1932 rostro
1138 1901 1336 1939 destitutus,
1373 1900 1589 1931 extremitate
1619 1899 1815 1938 rotundam,
1851 1896 2090 1937 superficiebus

262 1953 375 1983 antica
410 1955 443 1983 et
466 1953 595 1991 postica
619 1952 691 1983 fere
714 1952 906 1992 parallelis,
942 1954 1055 1985 antica
1079 1953 1248 1993 superiore
1271 1959 1364 1992 parte
1388 1962 1538 1983 convexa
1561 1957 1594 1981 et
1617 1952 1836 1990 prominente.
1872 1950 1962 1981 Tota
1985 1959 2091 1989 paene

262 2004 401 2034 inferior
424 2013 500 2043 pars
525 2004 643 2043 capitis
668 2004 762 2036 oculo
786 2015 906 2045 magno
931 2012 1120 2044 occupatur.
1158 2003 1292 2036 Macula
1317 2005 1411 2045 nigra
1435 2009 1509 2044 post
1533 2003 1665 2034 oculum
1691 2003 1755 2033 sita
1769 2012 1871 2042 parva
1894 2005 1927 2033 et
1939 2000 2089 2042 rotunda·

262 2054 381 2096 Margo
404 2055 558 2095 fornicis,
583 2057 638 2096 qui
661 2062 883 2087 antennarum
908 2057 1070 2097 majorum
1095 2056 1191 2087 basin
1216 2055 1360 2097 obtegit,
1385 2061 1538 2086 arcuatus
1562 2060 1595 2085 et
1620 2064 1751 2085 crassus
1776 2056 1844 2092 est,
1880 2053 1939 2084 sed
1969 2053 2010 2084 ad
2039 2063 2090 2085 ce-

263 2106 507 2146 phalothoracis
531 2107 651 2138 faciem
675 2108 876 2139 anteriorem
902 2119 967 2139 non
992 2108 1211 2150 progreditur.
1260 2108 1311 2138 Ex
1335 2107 1518 2147 posteriore
1542 2104 1664 2147 angulo
1694 2104 1794 2146 hujus
1819 2106 1983 2147 marginis
2008 2105 2090 2135 duae

263 2158 373 2190 lineae
398 2159 485 2189 inter
509 2169 545 2189 se
570 2160 765 2190 secedentes
790 2160 830 2191 ad
856 2167 982 2201 tergum
1007 2161 1203 2194 ascendunt.
1251 2161 1428 2191 Antennae
1453 2159 1595 2198 majores
1620 2156 1805 2195 invalidae,
1830 2163 1946 2188 trunco
1971 2154 2090 2195 cepha-

264 2209 468 2241 lothoracem
491 2209 699 2252 longitudine
723 2223 837 2251 parum
863 2218 1059 2251 superante,
1084 2213 1168 2243 setis
1192 2210 1412 2242 subtilissime
1436 2211 1596 2249 pinnatis.
1656 2210 1834 2240 Antennae
1857 2209 2017 2244 minores,
2041 2206 2090 2237 fa-

266 2262 330 2292 ciei
353 2263 529 2301 posteriori
567 2263 853 2303 cephalothoracis
889 2264 1056 2302 insertae,
1090 2262 1221 2303 paulum
1257 2263 1447 2302 prominent
1471 2269 1503 2292 et
1526 2263 1560 2292 in
1586 2262 1695 2301 apice,
1730 2268 1765 2291 ut
1794 2259 2011 2298 microscopio
2035 2258 2091 2288 de-

266 2319 489 2352 monstratur,
512 2313 592 2353 pilis
618 2322 650 2345 et
674 2316 707 2346 in
733 2313 837 2347 latore
862 2325 1019 2355 processu
1043 2315 1180 2355 quodam
1205 2325 1363 2354 perparvo
1387 2315 1569 2345 instructae
1594 2320 1680 2346 sunt.
1738 2313 1845 2344 Testa
1868 2310 2090 2341 abdominalis

265 2364 489 2405 subrotunda‚
514 2367 663 2408 margine
686 2368 869 2405 posteriore
895 2377 1049 2398 mucrone
1074 2366 1165 2397 brevi
1189 2365 1341 2406 laevique
1371 2367 1543 2399 instructo.
1602 2363 1725 2395 Testae
1759 2362 1952 2402 superficies
1988 2362 2090 2393 dense

268 2416 446 2448 reticulata
470 2417 610 2458 ideoque
634 2429 747 2458 parum
775 2418 952 2457 pellucida.
1009 2418 1190 2450 Processus
1219 2419 1254 2448 in
1280 2425 1372 2459 tergo
1395 2416 1582 2448 abdominis
1606 2416 1814 2456 reperiuntur
1837 2421 1920 2453 treS,
1956 2422 2090 2453 quorum
